1785 2956
891 292 937 329 61

273 431 352 470 dat.
397 453 448 458 —-
491 430 751 469 Nicomachus
764 459 774 479 ,
816 429 877 467 cui
921 429 1053 467 statim
1094 429 1195 467 infra
1236 441 1407 467 summas
1436 428 1569 467 laudes

272 520 409 559 tribuit
452 520 580 570 Plut.,
621 520 744 572 pictor
786 518 1004 558 Alexandri
1049 519 1243 570 aequalis,
1292 522 1407 557 notus
1433 522 1569 558 estex

273 610 469 649 Ciceronis
498 610 622 649 Bruto
651 611 672 660 ξ
700 611 770 660 70,
799 609 867 648 ubi
882 609 1128 660 coniungitur
1144 582 1231 648 cum
1247 609 1387 660 Apelle
1401 608 1567 648 duobus-

271 713 346 752 que
389 701 496 751 aliis,
538 700 579 738 in
614 699 755 751 quibus
782 699 861 738 iam
889 699 1061 751 perfecta
1089 702 1216 737 essent
1245 699 1385 737 omnia.
1414 699 1566 737 Veloci-

270 796 392 830 tatem
420 792 460 829 in
488 795 572 830 arte
600 791 783 842 pingendi
812 790 847 828 ei
874 790 1012 828 tribuit
1041 790 1192 828 Plinius
1221 790 1274 828 1.l.

323 970 509 1016 πολλάκις
539 970 612 1021 ἔφη
644 977 697 1025 τῷ
723 970 801 1026 θεῷ
828 974 936 1019 χάριν
966 970 1091 1021 ἔχειν,
1119 969 1173 1010 ὅτι
1203 971 1429 1021 βουλόμενος
1444 974 1564 1017 σῶσαι

272 1061 450 1100 Σικελίαν
493 1059 740 1109 ἐπεγράψατο
781 1063 849 1110 τὴν
884 1060 999 1099 αὑτοῦ
1025 1061 1283 1109 προσηγορίαν.
1313 1061 1422 1101 Idem
1447 1063 1564 1114 paulo

261 1153 347 1192 aliis
375 1152 503 1191 verbis
531 1149 800 1204 complectitur
829 1151 960 1203 Nepos
989 1152 1085 1204 Cap.
1115 1152 1197 1203 IV,
1227 1153 1248 1203 ξ
1278 1154 1322 1191 3:
1357 1166 1420 1202 „se
1448 1153 1489 1191 in
1517 1165 1563 1192 ea

260 1237 302 1282 re
342 1242 513 1281 maxime
555 1241 627 1281 diis
663 1254 779 1293 agere
806 1242 954 1294 gratias
982 1245 1099 1294 atque
1127 1242 1291 1292 habere,
1321 1243 1445 1295 quod,
1473 1257 1561 1283 cum

260 1333 431 1371 Siciliam
459 1346 632 1371 recreare
659 1333 971 1382 constituissent,
1000 1336 1085 1371 tum
1111 1347 1152 1372 se
1166 1334 1409 1385 potissimum
1424 1335 1560 1376 ducem

259 1434 341 1460 esse
370 1422 594 1461 voluissent.
623 1421 735 1460 Nihil
765 1422 868 1460 enim
882 1435 1014 1460 rerum
1028 1422 1288 1462 humanarum
1304 1424 1387 1462 sine
1401 1424 1560 1470 deorum

260 1511 419 1550 numine
447 1511 529 1562 geri
557 1511 746 1562 putabat.’
754 1510 762 1524 '

315 1692 378 1729 ἐπὶ
423 1690 459 1729 δὲ
500 1695 569 1739 ,τῆς
609 1691 727 1736 οἰκίας
764 1691 855 1739 ἱερὸν
885 1691 1121 1740 ἱδρυσάμενος
1147 1692 1396 1740 Αὐτοματίας
1423 1694 1559 1743 ἔθυεν,

265 1781 382 1830 αὐτὴν
423 1780 460 1818 δὲ
494 1783 561 1829 τὴν
589 1781 705 1820 οἰκίαν
734 1781 816 1837 ἱερῷ
843 1781 986 1829 δαίμονι
1015 1783 1252 1831 καθιέρωσεν.
1283 1784 1445 1824 Duobus
1474 1787 1560 1824 aliis

259 1872 351 1911 locis
393 1872 643 1911 inveniuntur
676 1872 772 1911 haec
799 1885 862 1924 ap.
891 1872 1021 1923 Plut.,
1051 1873 1165 1926 Reip.
1194 1888 1273 1926 ger.
1303 1888 1428 1927 praec.
1460 1875 1557 1927 Cap.

258 1962 339 2000 XX
351 1992 361 2012 ,
394 1964 414 2000 7
431 1976 440 2000 :
470 1963 662 2008 Τιμολέων
679 1992 689 2012 ,
718 1962 733 1999 ὁ
761 1962 831 2005 τὰς
849 1963 884 1999 ἐν
900 1962 1058 2013 Σικελία
1075 1967 1301 2010 καταλύσας
1317 1966 1554 2013 τυραννίδας,

261 2053 511 2100 Αὐτοματίας
554 2054 645 2101 ἱερὸν
676 2053 871 2103 ἱδρύσατο,
900 2058 939 2093 et
967 2054 1028 2092 De
1061 2068 1102 2093 se
1127 2056 1200 2107 ips.
1229 2057 1314 2095 citr.
1344 2058 1423 2095 inv.
1451 2057 1554 2096 laud.

259 2143 354 2196 Cap.
385 2144 471 2182 XI:
501 2146 625 2188 καλῶς
653 2143 689 2182 δὲ
718 2142 933 2194 Τιμολέων,
959 2142 995 2183 ἐν
1023 2144 1278 2192 Συρακούσαις
1305 2146 1554 2193 Αὐτοματίας

255 2234 385 2280 βωμὸν
413 2233 651 2281 ἱδρυσάμενος
678 2233 741 2272 ἐπὶ
770 2238 857 2279 ταῖς
881 2233 1060 2281 πράξεσι,
1091 2237 1246 2283 καὶτ-ὴν
1261 2235 1553 2284 οἱκίανἈγαὸᾤ

255 2325 398 2372 δαίμονι
443 2324 689 2373 καθιερώσας.
730 2325 861 2377 Nepos
903 2325 998 2377 Cap.
1036 2325 1097 2364 IV
1126 2329 1234 2364 extr:
1271 2325 1433 2378 „Itaque
1459 2340 1553 2366 suae

253 2416 356 2455 domi
396 2417 580 2456 sacellum
608 2415 858 2455 Automatias
888 2415 1141 2455 constituerat
1169 2416 1284 2468 idque
1310 2418 1551 2457 sanctissime

252 2509 439 2548 colebat.''
481 2508 662 2547 Fortasse
691 2507 785 2546 haec
815 2506 886 2545 dea
916 2505 1144 2552 Αὐτοματία
1175 2507 1321 2559 aliquid
1348 2520 1551 2549 commune
