1785 2956
884 283 935 320 30

250 413 476 459 Ciceronem
522 416 637 458 Tusc.
683 417 729 457 L.
772 416 862 469 ΙΙΙ,
908 417 1003 471 Cap.
1037 419 1106 457 12:
1140 416 1375 470 „Dionysius
1403 414 1559 469 quidem

248 510 440 558 tyrannus
493 507 696 560 Syracusis
740 508 927 560 expulsus
970 507 1149 546 Corinthi
1190 519 1333 559 pueros
1374 505 1557 545 docebat:

246 610 370 650 usque
398 610 443 638 eo
471 598 634 651 imperio
660 610 792 638 carere
819 611 897 638 non
926 601 1080 651 poterat
1093 598 1130 648 ;”
1161 597 1252 637 val.
1283 596 1392 636 Max.
1408 595 1455 635 L.
1470 595 1555 646 VI,

245 689 269 726 9
287 717 298 737 ,
340 691 421 727 ext.
452 689 496 727 6:
530 688 766 741 „Dionysius
793 691 926 728 autem
953 710 1007 717 ——
1034 691 1192 741 propter
1219 687 1389 740 inopiam
1416 686 1549 725 literas

241 780 423 830 puerulos
452 779 631 818 Corinthi
658 779 809 829 docuit,
838 780 1050 831 eodemque
1077 784 1252 831 tempore
1280 782 1392 818 tanta
1420 781 1546 816 muta-

241 868 347 908 tione
385 869 550 909 maiores
590 873 708 920 natu,
749 883 799 909 ne
842 870 929 922 quis
970 870 1087 909 nimis
1127 869 1307 908 fortunae
1348 867 1547 917 crederet,

239 960 426 1012 magister
463 959 546 1000 ludi
586 960 712 1000 factus
754 973 805 1000 ex
845 964 1015 1014 tyranno
1058 961 1247 1001 monuit.”
1293 959 1432 999 Iustin.
1469 959 1545 998 l.l.:

241 1049 486 1100 „Novissime
535 1050 617 1089 ludi
645 1051 891 1102 ‘magistrum
934 1052 1129 1103 professus
1171 1064 1311 1104 pueros
1348 1051 1389 1089 in
1430 1050 1546 1089 trivio

237 1152 422 1203 docebat,
463 1156 508 1191 ut
548 1157 616 1191 aut
658 1166 682 1192 a
721 1153 951 1192 timentibus
992 1166 1144 1205 semper
1184 1154 1224 1191 in
1252 1153 1407 1204 publico
1434 1152 1544 1191 vide-

235 1246 344 1281 retur
396 1245 465 1282 aut
521 1255 546 1281 a
590 1255 668 1281 non
723 1242 952 1282 timentibus
994 1243 1145 1282 facilius
1185 1245 1495 1282 contemneretur
1507 1241 1543 1292 ;'’

232 1332 396 1372 Lucian.
441 1332 545 1371 Gall.
587 1335 658 1371 23:
701 1329 791 1370 ὅταν
835 1356 885 1361 -
929 1331 1117 1377 Διονύσιος
1159 1332 1443 1376 καταλυθείσης
1472 1335 1540 1379 τῆς

231 1422 440 1471 τυραννίδος
472 1424 508 1460 ἐν
538 1422 701 1471 Κορίνθῳ
730 1425 1034 1472 γραμματιστὴς
1060 1420 1280 1469 βλέπηται,
1310 1420 1414 1469 μετὰ
1437 1428 1542 1465 τηλι-

230 1515 372 1556 xxm-nu
413 1513 538 1561 ἀρχὴν
580 1511 714 1551 παιδία
755 1512 1003 1562 συλλαβίζειν
1040 1511 1232 1551 διδάσκων.
1263 1512 1374 1551 Alios
1404 1511 1538 1551 laudat

231 1602 468 1653 wesseling.
495 1602 545 1641 ad
573 1603 687 1642 Diod.
717 1603 765 1642 L.
794 1603 923 1654 XVI,
956 1603 1051 1655 Cap.
1085 1605 1147 1642 70.

283 1692 358 1732 His
397 1692 636 1745 temporibus
677 1692 845 1732 arbitror
883 1693 1079 1732 neminem
1115 1705 1199 1732 esse
1229 1691 1323 1744 quin
1351 1690 1535 1731 concedat

227 1781 298 1820 has
340 1794 425 1821 esse
467 1781 629 1821 fabellas
670 1782 720 1822 ab
763 1782 956 1822 historicis
991 1786 1031 1821 et
1058 1781 1278 1821 rhetoribus
1306 1780 1468 1820 ornandi
1497 1784 1536 1819 et

225 1872 494 1924 exaggerandi
538 1873 666 1912 studio
707 1873 903 1913 confictas.
947 1872 1052 1912 Fieri
1085 1885 1163 1912 non
1191 1875 1340 1924 potest,
1369 1875 1413 1910 ut
1442 1870 1535 1910 Dio-

224 1963 359 2015 nysius
413 1963 592 2003 Corinthi
634 1965 675 2003 in
718 1977 870 2004 summa
911 1964 1075 2017 penuria
1117 1968 1156 2003 et
1198 1966 1372 2016 egestate
1410 1962 1533 2002 vitam

222 2054 517 2104 consumpserit.
569 2054 759 2093 Videmus
812 2068 901 2093 eum
943 2055 1048 2106 apud
1090 2055 1347 2094 Plutarchum
1389 2055 1533 2105 (capite

221 2143 417 2195 sequenti)
459 2143 657 2184 variorum
698 2143 898 2184 hominum
927 2144 1204 2185 consuetudine
1230 2144 1446 2194 fruentem3
1475 2142 1532 2182 vi-

222 2231 357 2270 demus
385 2245 474 2271 eum
503 2245 591 2271 cum
620 2245 713 2284 rege
741 2233 926 2285 Philippo
954 2234 995 2272 in
1018 2234 1194 2273 convivio
1207 2233 1528 2272 discumbentem.

220 2321 299 2360 Pro
328 2322 525 2374 superiore
552 2323 634 2362 vita
660 2323 770 2363 tenui
798 2324 954 2363 fortuna
984 2328 1024 2364 et
1051 2323 1211 2364 modieis
1239 2324 1358 2376 copiis
1373 2323 1529 2374 vixerit,

218 2410 287 2451 illa
315 2413 447 2452 tamen
474 2424 553 2452 non
582 2412 725 2453 cadunt
753 2413 794 2453 in
823 2426 934 2467 eum,
962 2414 1029 2468 qui
1059 2415 1162 2455 fame
1190 2417 1230 2454 et
1256 2414 1388 2468 inopia
1415 2426 1529 2468 urge-

217 2505 297 2547 tur.
344 2502 512 2542 Credere
556 2504 645 2543 licet
677 2505 846 2544 Diodoro
875 2510 913 2544 et
943 2506 1116 2556 Iustino,
1145 2510 1357 2558 tyrannum
1385 2505 1524 2554 ἔχοντα
