1785 2956
901 307 950 344 62

284 442 468 481 habuerit
514 455 602 481 cum
644 455 692 482 ea
733 456 850 495 quam
886 445 1067 492 ’Λγκὲὴν
1094 444 1230 492 Τι’χην
1257 442 1583 496 appellabant;*)

281 533 449 571 occurrit
477 546 539 585 ap.
571 533 726 573 Aelian.
755 534 806 573 V.
834 534 911 584 H.‚
939 534 986 573 L.
1015 534 1099 586 IX,
1130 534 1226 587 Cap.
1255 535 1319 573 39.

695 715 835 755 CAP.
869 715 1135 756 XXXVII.

330 907 414 946 ἐπεὶ
457 907 495 946 δὲ
536 913 632 956 χρῆν
672 932 721 936 -
759 881 856 947 videt
883 908 1122 957 κορυδαλλοῖς
1142 907 1267 957 ’λόφον
1296 905 1577 957 ἐγγίγνεσθαι,

280 996 385 1035 κατὰ
418 997 635 1045 Σιμωνίδην.
663 998 920 1038 Proverbium
936 998 1200 1038 Simonideum
1214 1011 1276 1050 ap.
1293 997 1399 1036 Plut.
1414 996 1578 1035 recurrit

269 1089 313 1126 in
344 1089 443 1127 libro
471 1089 533 1127 De
560 1090 704 1127 inimic.
731 1090 839 1138 util.,
870 1103 908 1140 p.
938 1091 984 1127 91
1018 1089 1074 1138 Ε,
1104 1092 1144 1127 et
1171 1089 1284 1139 Reip.
1314 1101 1395 1139 ger.
1427 1100 1575 1138 praec,

268 1192 305 1231 p.
351 1180 428 1217 809
476 1179 523 1217 Β.
566 1201 617 1206 —-
659 1174 705 1216 ὧν
743 1176 972 1227 Λαφυστίου
999 1176 1069 1224 μὲν
1101 1176 1215 1216 αὐτὸν
1244 1178 1333 1225 πρὸς
1362 1189 1445 1215 τινα
1475 1175 1574 1220 δίκην

268 1272 563 1316 κατεγγυῶντος
604 1283 626 1306 κ
681 1283 716 1307 τ.
758 1277 796 1307 λ.
841 1268 903 1307 Of.
947 1268 1047 1321 Nep.
1090 1268 1186 1321 Cap.
1226 1268 1286 1318 V,
1318 1269 1339 1318 ξ
1368 1269 1412 1306 2;
1447 1267 1575 1316 „Huic

268 1360 429 1421 quidam
476 1360 739 1412 Laphystius‚
782 1360 896 1399 homo
938 1360 1119 1412 petulans
1160 1363 1200 1398 et
1239 1359 1438 1411 ingratus,
1466 1357 1574 1397 vadi-

266 1451 440 1489 monium
481 1464 570 1489 cum
611 1451 728 1489 vellet
770 1450 989 1502 imponere,
1030 1449 1133 1501 quod
1174 1462 1263 1488 cum
1307 1449 1375 1487 illo
1418 1461 1459 1487 se
1488 1449 1575 1499 lege

265 1553 382 1591 agere
412 1541 580 1590 diceret,
609 1545 648 1578 et
680 1541 897 1591 complures
921 1541 1203 1579 concurrissent
1219 1540 1285 1591 qui
1300 1540 1575 1591 procacitatem

269 1632 437 1670 hominis
478 1631 659 1670 manibus
701 1644 878 1670 coercere
920 1634 1176 1681 conarentur,
1218 1630 1418 1669 Timoleon
1449 1628 1574 1668 oravit

269 1735 424 1772 omnes,
453 1735 502 1761 ne
529 1721 569 1760 id
596 1722 788 1761 facerent:
817 1735 987 1774 namque
1013 1721 1053 1760 id
1080 1725 1124 1760 ut
1155 1720 1373 1774 Laphystio
1398 1724 1437 1759 et
1453 1720 1576 1759 cuivis

270 1814 429 1862 liceret,
473 1825 513 1851 sc
547 1813 746 1852 'maximos
788 1813 940 1852 labores
969 1825 1198 1863 summaque
1224 1811 1364 1851 adiisse
1392 1811 1575 1863 pericula.

273 1902 391 1942 Hanc
433 1904 536 1942 enim
579 1904 747 1955 speciem
786 1903 978 1942 libertatis
1021 1916 1127 1954 esse,
1170 1904 1203 1942 si
1245 1904 1445 1954 omnibus,
1474 1903 1577 1955 quod

270 1994 435 2045 quisque
462 1994 604 2044 vellet,
635 1994 788 2045 legibus
818 1995 989 2047 experiri
1017 1995 1189 2033 liceret.”
1218 2018 1268 2023 -
1292 2000 1357 2033 τοῦ
1374 1994 1411 2033 δὲ
1428 2000 1577 2042 Δημαι-

272 2083 377 2123 νέτου
425 2084 554 2122 πολλὰ
599 2084 927 2132 κατηγορήσαντος
970 2086 1006 2122 ἐν
1037 2084 1218 2134 ἐκκλησίᾳ
1249 2089 1317 2129 τῆς
1343 2085 1580 2132 στρατηγίας

264 2188 299 2214 κ.
342 2189 379 2214 τ.
425 2183 463 2214 λ.
511 2175 612 2227 Nep.
656 2176 710 2214 l.l.
753 2176 774 2226 ξ
805 2178 851 2214 3:
886 2175 1041 2227 „Idem‚
1070 2189 1158 2215 cum
1186 2176 1344 2228 quidam
1371 2175 1578 2228 Laphystii

265 2266 431 2315 similis,
464 2266 623 2304 nomine
652 2265 938 2316 Demaenetus,
966 2267 1006 2305 in
1035 2266 1217 2305 concione
1245 2266 1377 2318 populi
1399 2266 1577 2305 derebus

267 2357 387 2409 gestis
437 2358 522 2397 eius
567 2357 772 2398 detrahere
812 2359 1000 2412 coepisset
1040 2373 1086 2400 ac
1115 2360 1301 2401 nonnulla
1329 2360 1579 2400 inveheretur

315 2520 348 2556 *)
371 2519 415 2552 cf.
437 2520 548 2561 erote,
571 2523 657 2556 nist.
678 2526 710 2555 of
727 2525 836 2557 Greece
855 2528 916 2565 XI,
939 2538 1007 2569 pag.
1031 2530 1098 2561 209.
