1785 2956
870 260 919 298 33

243 399 316 437 Ille
356 398 462 437 haud
501 398 657 449 illepide
697 398 912 450 respondit:
962 398 1087 448 „Quia
1118 402 1230 450 pater
1255 402 1384 438 cetera
1412 400 1542 438 omnia

242 488 339 528 mihi
379 488 535 540 reliquit
562 491 715 540 praeter
742 488 968 528 felicitatem
981 519 991 539 ,
1020 501 1098 540 qua
1125 489 1193 527 illa
1222 493 1261 528 et
1289 489 1453 541 adeptus
1483 493 1542 528 est

244 581 283 616 et
308 578 462 628 integra
492 577 700 616 servavit.²’-

296 758 427 795 “ssa-rs
468 771 529 804 μοι
570 755 862 805 παραβάλλοντι
905 758 1045 801 τούτοις
1081 756 1152 803 τὰ,-
1185 758 1360 798 Φιλίστου
1390 758 1544 808 Φωνάς,

244 841 291 889 ἃς
318 847 452 896 (ἐφίησι
481 850 562 896 περὶ
591 849 665 886 τῶν
697 847 883 886 Λεπτίνου
911 846 1129 895 θυγατέρων
1156 847 1436 898 ὀλοφυρόμενος.
1453 848 1544 888 Una

244 951 267 977 e
307 938 483 991 Leptinis
524 939 677 978 filiabus
715 952 816 978 uxor
857 939 931 978 fuit
969 938 1138 977 Philisti.
1170 938 1229 978 Cf.
1258 940 1380 993 vitum
1409 938 1546 978 Dionis

246 1028 342 1082 Cap.
368 1029 455 1069 XI:
486 1029 674 1082 Magnum
701 1030 829 1068 locum
856 1028 1016 1068 tenebat
1045 1028 1149 1080 apud
1177 1029 1363 1068 maiorem
1395 1027 1545 1080 Diony-

245 1120 345 1158 sium
371 1119 581 1171 Philistus,
609 1113 737 1159 itaut
763 1119 829 1158 diu
857 1120 957 1170 arei,
986 1132 1086 1171 quae
1114 1122 1198 1158 erat
1227 1119 1413 1159 ininsula
1428 1119 1547 1172 Orty-

246 1210 331 1262 gia,
359 1211 581 1262 praefuerit.
611 1210 687 1250 Sed
715 1224 803 1249 cum
832 1210 1038 1262 LeptineS,
1067 1211 1186 1249 frater
1213 1210 1383 1263 tyranni,
1398 1210 1548 1249 iniussu

247 1300 330 1339 eius
359 1301 522 1340 alteram
550 1314 601 1340 ex
630 1301 784 1340 filiabus
812 1301 1035 1340 collocasset
1064 1300 1251 1352 Philisto,
1278 1302 1401 1340 iratus
1418 1305 1550 1353 tyran-

245 1402 319 1429 nus
359 1403 521 1430 uxorem
563 1390 719 1430 Philisti
758 1391 799 1430 in
838 1391 994 1430 vincula
1033 1367 1216 1442 coniecit,
1257 1392 1386 1444 ipsum
1425 1391 1544 1430 exilio

247 1482 450 1532 multavit3
493 1482 559 1533 qui
587 1482 628 1520 in
656 1482 768 1520 litore
796 1481 935 1532 Superi
962 1461 1081 1519 miris
1108 1480 1212 1532 apud
1240 1480 1411 1532 hospites
1438 1494 1551 1532 quos-

247 1572 337 1611 dam
383 1585 471 1611 suos
512 1572 553 1611 in
581 1584 731 1611 summo
759 1572 838 1610 otio
866 1571 1009 1622 degens
1037 1583 1220 1621 magnam
1248 1574 1399 1623 partem
1430 1571 1550 1610 histo-

248 1663 394 1702 riarum
423 1675 581 1701 suarum
609 1661 774 1714 scripsit.

743 1841 882 1882 OAP.
920 1841 1052 1881 XVI.

304 2023 352 2062 In
396 2023 469 2062 hoc
510 2022 637 2074 eapite
676 2034 754 2060 una
795 2025 834 2060 et
875 2022 999 2063 altera
1025 2022 1171 2073 legitur
1200 2022 1325 2061 forma
1352 2035 1429 2060 non
1457 2022 1556 2060 bene

252 2112 423 2164 Graeca,
453 2112 574 2152 veluti
600 2111 713 2151 initio
741 2124 826 2164 cap.
855 2112 979 2151 forma
1007 2111 1138 2157 ἱππεῖς
1166 2113 1408 2164 accusativo,
1438 2115 1477 2152 et
1493 2113 1556 2152 hie

251 2209 290 2245 et
321 2205 454 2244 multis
480 2205 567 2244 aliis
594 2204 635 2242 in
662 2203 735 2243 hac
763 2204 845 2243 vita
870 2204 963 2242 loeis
992 2204 1126 2242 scribis
1140 2204 1369 2256 imputanda
1383 2208 1422 2242 et
1437 2217 1558 2255 quan-

252 2295 377 2334 tocius
417 2295 459 2334 in
483 2293 565 2339 -έας
594 2293 829 2346 refingenda.
860 2293 973 2333 Circa
1002 2293 1171 2334 medium
1198 2294 1341 2345 legitur
1368 2294 1561 2333 sententia

252 2388 319 2424 καὶ
361 2388 538 2431 πεσόντος
573 2383 659 2431 ιῖῦθ,ἲ
690 2384 706 2423 ὂ
736 2384 883 2429 παίσας
910 2383 1053 2432 ἔμεινεν
1083 2383 1165 2423 οὔθ’
1195 2384 1211 2422 ὁ
1239 2384 1342 2431 μετὰ
1370 2389 1433 2423 τοῦ
1464 2393 1561 2429 πλη-

252 2480 380 2525 γέντος
409 2474 524 2528 ἤκων;
553 2477 662 2516 docet
692 2476 743 2516 V.
775 2475 834 2515 Ol.
868 2474 1038 2514 Oobetus
1066 2475 1205 2515 harum
1222 2476 1433 2516 formarum
1448 2490 1562 2517 usum

1437 2570 1459 2607 3
