1785 2956
904 271 927 308 3
962 283 965 286 ,

264 409 303 444 et
346 405 659 459 Polyperchonte
703 384 850 445 occisus
891 409 973 457 est,
1015 409 1060 445 ut
1101 406 1206 446 fama
1232 406 1404 458 ferebat,
1432 406 1568 447 eodem

267 497 456 548 pugione,
494 509 570 547 quo
598 496 764 534 Dionem
793 496 1055 535 transfixerat.
1084 495 1228 535 Pulsus
1254 496 1338 535 erat
1367 496 1569 549 Callippus

269 586 472 639 Syracusis
499 586 561 627 Ol.
592 587 712 638 CVI,
741 589 787 638 4,
816 601 850 627 a.
880 587 924 627 O.
955 589 1032 627 353
1061 587 1191 638 (Diod.
1220 587 1324 627 XVI
1335 617 1353 637 ‚.
1370 587 1441 639 36)
1456 587 1569 639 eique

267 676 308 714 in
337 674 544 727 tyrannide
574 678 809 714 successerat
831 674 1094 728 Hipparinus‚
1109 674 1289 728 Dionysii
1302 675 1422 714 frater
1435 674 1570 714 eodem

270 770 380 817 patre
408 770 523 804 natus
551 765 698 815 (ibid.)‚
728 767 795 816 qui
821 779 890 817 per
918 766 1014 804 duos
1040 779 1161 804 annos
1188 778 1352 816 regnum
1382 765 1571 815 obtinuit,

271 867 394 908 usque
434 854 484 894 ad
526 854 587 895 Ol.
630 854 769 907 CVII,
812 857 836 896 2
879 856 931 907 (a.
962 855 1006 896 O.
1036 857 1143 908 351).
1173 855 1268 896 Post
1296 856 1378 896 eius
1406 859 1571 896 mortem

271 945 518 997 tyrannidem
560 945 723 997 adeptus
763 949 821 984 est
860 945 1061 997 Nysaeus,
1094 943 1215 985 frater
1241 946 1324 985 eius
1352 945 1573 994 ὅμοπάτριος
1631 997 1634 999 ¹

275 1037 341 1074 καὶ
386 1035 626 1086 ὁμομήτριος,
669 1036 881 1075 vinolentia
908 1049 953 1075 ac
981 1036 1206 1075 libidinibus
1234 1033 1404 1086 famosus
1431 1037 1496 1087 (cf.
1525 1036 1573 1075 de

272 1138 317 1165 eo
347 1125 596 1165 Athenaeum
625 1124 734 1176 L.X,
763 1138 801 1177 p.
830 1126 908 1164 435
938 1126 1010 1176 s.),
1038 1125 1175 1177 quem,
1206 1129 1249 1164 ut
1278 1125 1319 1164 in
1345 1125 1418 1165 hoc
1446 1125 1573 1178 eapite

272 1216 457 1267 legimus,
502 1216 713 1267 Dionysius
754 1213 828 1252 ἔτει
858 1214 1029 1265 δεκάτῳ,
1059 1228 1151 1267 ergo
1180 1215 1241 1254 Ol.
1272 1215 1433 1266 CVIII,
1465 1217 1511 1266 3,
1539 1228 1577 1257 a.

274 1305 318 1344 O.
364 1307 440 1344 346
485 1305 574 1344 sede
612 1305 760 1357 depulit
796 1309 915 1357 atque
943 1306 1087 1345 iterum
1115 1319 1278 1357 regnare
1305 1306 1444 1357 coepit.
1473 1305 1577 1344 Nam

274 1396 428 1447 fugerat
469 1395 510 1434 in
554 1394 711 1434 Italiam
740 1394 803 1434 01.
838 1394 954 1448 CVI,
988 1397 1034 1448 1,
1065 1409 1101 1436 a.
1123 1395 1178 1435 O.
1207 1397 1306 1447 356,
1335 1395 1394 1434 uti
1422 1398 1530 1448 patet
1558 1409 1580 1435 e

275 1486 389 1525 Diod.
419 1486 464 1525 L.
494 1486 618 1536 XVI,
650 1486 745 1537 Cap.
778 1488 838 1525 17.

331 1667 473 1714 βελτίω
502 1667 571 1713 μὲν
600 1667 739 1711 οὐδενὸς
768 1667 857 1706 ἕντοι
887 1669 961 1706 τῶν
990 1666 1294 1714 ὁμολογουμένως
1322 1666 1582 1715 συκοφαντῶν.

280 1758 417 1798 Scribe
458 1758 761 1805 ὁμολογουμένων
801 1758 985 1798 adverbio
1013 1758 1054 1796 in
1084 1757 1319 1796 adiectivum
1346 1760 1509 1795 mutato.
1538 1755 1587 1794 In

280 1849 353 1888 hoc
396 1847 585 1888 vocabulo
628 1849 779 1888 librarii
823 1848 960 1888 turbas
991 1847 1084 1887 dare
1109 1848 1233 1887 solent
1262 1848 1370 1897 (nota
1399 1858 1462 1885 res
1489 1846 1588 1896 est),

283 1941 384 1980 sicut
433 1941 474 1979 in
515 1928 714 1980 adiectivis
765 1943 947 1990 ἄσμενος,
989 1937 1229 1985 αὐτόματος,
1277 1935 1445 1985 ἄκριτος,
1488 1948 1588 1988 quae

283 2035 439 2072 tantum
469 2044 547 2070 non
574 2031 719 2083 ubique
749 2031 790 2070 in
814 2030 1004 2086 ‘adverbia
1032 2030 1222 2081 refingere
1250 2028 1386 2067 solent.
1417 2026 1481 2065 Ad
1503 2039 1590 2065 nos·

284 2126 388 2161 trum
431 2121 664 2162 vocabulum
707 2122 754 2160 cf.
797 2134 830 2161 e.
874 2134 911 2173 g.
953 2121 1081 2160 locum
1126 2132 1147 2158 e
1185 2118 1457 2170 Xenophontis
1484 2116 1590 2155 Hist.

290 2212 359 2252 Gr.
390 2212 458 2263 II,
489 2214 601 2263 3‚·38
632 2213 672 2250 in
701 2211 922 2251 defensione
949 2211 1224 2250 Theramenis:
1256 2208 1370 2257 μέχρι
1396 2210 1590 2246 -τοῦ-

283 2302 370 2349 τοὺς
396 2304 454 2351 ὂμ
466 2318 481 2342 ο
493 2311 517 2341 λ
529 2318 544 2342 ο
556 2317 583 2350 γ
596 2318 611 2342 ο
627 2317 646 2341 υ
658 2317 688 2350 μ
700 2303 716 2341 ε’
728 2317 744 2340 ν
756 2317 772 2342 ο
784 2318 803 2341 υ
815 2317 832 2346 ς
857 2305 1098 2352 συκοφάντας
1114 2300 1347 2348 ὑπάγεσθαι.
1363 2301 1427 2340 Sic
1441 2312 1595 2352 quoque

286 2406 323 2434 v.
372 2407 405 2433 c.
451 2394 555 2447 apud
599 2393 758 2434 Diodor.
800 2388 849 2433 L.
878 2393 1003 2454 XVI.
1033 2392 1129 2445 Cap.
1161 2393 1209 2432 79
1238 2391 1287 2431 ab
1316 2391 1423 2431 init.:
1453 2392 1527 2429 τῶν
1557 2389 1595 2428 δὲ

295 2484 534 2534 μισθοφόρων
563 2484 649 2529 τοὺς
677 2484 814 2531 λόγους
841 2484 1012 2531 ἀσμένως
1040 2483 1269 2531 δεχομένων,
1298 2484 1384 2533 lege
1410 2480 1594 2528 ἀσμένων.
