1785 2956
876 294 927 331 28

242 428 395 475 πλήρεις
433 428 623 479 ἐγένοντο,
667 433 880 473 κεντοῦντες
922 430 991 468 ὑπὸ
1032 428 1117 474 τοὺς
1145 431 1220 467 τῶν
1248 432 1381 478 χειρῶν
1410 428 1552 478 ὄνυχας

240 517 420 564 βελόνκις
465 520 612 557 ἀνεῖλον
656 519 805 564 αὐτούς.
836 521 897 559 Ne
926 521 1109 559 inanimis
1141 520 1297 572 quidem
1326 520 1552 572 corporibus

241 608 300 645 ira
340 609 534 659 pepercit;
577 622 747 660 namque
786 607 1092 653 τελευτησάντων
1134 608 1184 646 τὰ
1217 609 1286 655 μὲν
1315 610 1411 647 ἐστ-ἆ
1439 608 1552 647 κατέ-

241 701 363 745 κοφκν
400 699 437 736 ἐν
465 695 615 749 gamm,
644 699 695 737 τὰ
726 699 762 737 δὲ
794 699 910 738 λοιπὰ
944 703 1283 747 κρεκνομησάμενοι
1314 698 1552 747 ἐπηράσαντο

242 787 384 833 πάντες
426 794 504 834 τοῖς
544 790 597 836 μὴ
638 789 885 836 γευσαμένοις
913 789 1048 827 αὐτῶν·
1080 786 1168 828 ὅθεν
1197 790 1287 837 πρὸ,-
1315 792 1382 837 τὴν
1409 788 1552 827 ἀνόσιον

241 878 336 926 ἀρὰν
364 879 582 923 κκτήλεσοεν
613 880 738 918 αὐτῶν
769 882 838 922 τὰς
870 884 1031 927 σιἐρκκς,
1061 878 1552 929 ἵν’ἧτροφὴσιτοποιουμέ-

243 982 310 1006 νων
350 969 586 1021 κατεδεσθῇ,
627 970 678 1008 τὰ
720 970 757 1009 δὲ
794 970 965 1019 λείψανα
994 969 1301 1010 κατεπόντωσαν.
1333 970 1443 1016 Quae
1471 971 1553 1009 fere

240 1057 377 1096 iisdem
414 1060 544 1098 verbis
580 1061 764 1111 leguntur
791 1074 854 1112 ap.
886 1060 1097 1099 Aelianum
1125 1061 1222 1100 Var.
1252 1061 1357 1099 Hist.
1390 1061 1435 1099 L.
1467 1060 1552 1111 IX,

243 1147 338 1200 Cap.
366 1151 415 1198 8,
443 1162 494 1187 ex
522 1149 656 1189 eodem
685 1150 873 1189 Clearcho
890 1181 900 1200 ‚
929 1155 972 1189 ut
1003 1150 1185 1201 videtur,
1215 1150 1422 1203 descripta.

747 1333 885 1372 CAP.
930 1333 1062 1372 XIV.

294 1512 382 1551 Hoc
421 1512 549 1564 capite
576 1516 614 1551 et
643 1513 821 1564 sequenti
850 1512 1087 1551 Plutarchus
1115 1524 1326 1551 excursum
1356 1511 1474 1551 habet
1502 1511 1550 1551 de

240 1601 429 1654 Dionysio
456 1603 584 1641 exule.
614 1601 703 1640 Non
732 1602 857 1640 multa
885 1600 932 1640 de
961 1600 1096 1639 eadem
1125 1613 1167 1639 re
1196 1600 1315 1639 tradit
1333 1600 1547 1651 Diodorus3

240 1692 374 1731 scribit
403 1695 557 1730 tantum
586 1690 682 1743 Cap.
714 1692 785 1740 70,
813 1677 903 1729 eum
933 1690 1048 1729 certis
1069 1689 1222 1741 legibus
1236 1689 1429 1728 deditione
1445 1690 1550 1729 facta

239 1782 279 1820 in
322 1781 634 1833 Peloponnesum
675 1780 816 1819 abiisse
856 1778 997 1828 ἔχοντα
1039 1780 1090 1817 τὰ
1132 1778 1207 1817 ἴδιαι
1251 1778 1464 1829 χρήματα,
1509 1782 1548 1818 et

239 1872 355 1923 paulo
395 1872 515 1910 infra:
556 1870 788 1916 κατεβίωσεν
817 1868 1065 1917 ἀπορούμενος
1094 1870 1130 1907 ἐν
1158 1869 1332 1917 Κορίνθῳ.
1360 1869 1439 1908 Hic
1468 1870 1547 1908 illic

237 1961 342 2014 apud
379 1962 586 2013 scriptores
622 1961 818 2013 dispersae
847 1964 937 1999 sunt
964 1960 1127 1999 notitiae
1154 1959 1202 1999 de
1231 1960 1389 2012 tyranni
1416 1960 1546 1999 exilio.

238 2050 366 2089 Multa
406 2055 445 2089 et
476 2052 558 2089 sine
586 2050 704 2088 dubio
732 2050 924 2089 rhetorice
952 2051 1192 2101 amplificata
1219 2049 1339 2088 habet
1370 2049 1546 2087 Iustinus

238 2141 284 2180 L.
326 2141 451 2191 XXI,
497 2141 592 2193 Cap.
636 2143 680 2180 5:
727 2140 997 2192 „(Dionysius)
1026 2140 1200 2192 deposito
1228 2140 1390 2192 imperio
1417 2152 1547 2179 arcem

237 2230 517 2282 Syracusanis’‘
560 2230 650 2281 (hoc
691 2234 795 2269 certe
817 2230 994 2281 ⁴falsum)
1042 2243 1153 2279 „cum
1181 2230 1357 2269 exercitu
1384 2228 1545 2268 tradidit

233 2325 467 2374 receptoque
516 2321 670 2374 privato
720 2321 978 2367 instrumento
1024 2320 1256 2359 Corinthum
1298 2320 1339 2358 in
1381 2320 1543 2359 exilium

233 2412 502 2464 proficiscitur.
542 2411 604 2450 Ibi
632 2412 851 2451 humillima
879 2425 1057 2463 quaeque
1086 2411 1282 2450 tutissima
1309 2410 1540 2449 existimans

233 2503 275 2543 in
303 2503 609 2542 sordidissimum
638 2503 744 2542 vitae
770 2516 892 2554 genus
922 2503 1139 2542 descendit:
1170 2515 1247 2541 non
1275 2504 1481 2541 contentus
1504 2501 1544 2539 in
