1785 2956
856 248 907 284 32

247 389 435 426 Διονι’σιον
464 386 601 433 ἐξέσειε
629 386 674 424 τὸ
701 386 848 432 ἱμάτιον
880 388 998 426 εἶσιὼν
1028 389 1117 436 πρὸ,-
1145 389 1283 439 αιύτόν,
1313 390 1360 433 ὡ,-
1388 388 1431 437 Bb
1461 389 1550 435 πρὸς

243 477 439 526 τύραννον,
483 475 751 515 ἀντισκώπτων
788 477 923 521 ἐκεῖνος
951 492 986 516 κ.
1014 491 1052 517 τ.
1079 486 1118 516 λ.
1150 477 1285 518 Verba
1309 478 1357 523 ὡς
1386 477 1429 536 δὴ
1455 479 1550 535 ,πρὸς

244 567 417 614 τύραννον
459 567 712 617 magistrum,
741 579 819 604 non
856 566 1115 605 Plutarchum
1143 567 1316 606 redolere
1345 568 1549 619 videntur3

244 658 312 710 qui
353 657 581 709 scriptorem
621 661 797 697 nostrum
837 657 1046 710 legebant,
1084 657 1204 710 probe
1231 658 1405 698 sciebant
1431 658 1549 698 moris

242 748 360 787 fuisse
388 751 453 798 ut,
485 748 553 800 qui
580 750 792 800 tyrannum
821 748 1092 799 convenirent,
1119 748 1359 788 introeuntes
1386 749 1549 801 pallium

244 841 495 888 excuterent,
524 851 574 877 ne
601 839 723 877 telum
737 839 947 877 -occultum
974 838 1118 877 habere
1149 838 1386 878 viderentur.
1405 838 1567 893 Itaque·

241 941 288 968 ea
331 929 452 969 verba
491 932 680 980 tanquam
720 929 991 981 explicationis
1030 930 1162 981 gratia
1189 929 1240 970 ab
1267 930 1390 969 altero
1417 928 1549 969 addita

240 1018 590 1059 circumscribendo.
617 1031 765 1058 censeo.

294 1110 485 1149 Φιλίππου
526 1109 564 1148 δὲ
608 1114 671 1148 τοῦ
715 1108 928 1154 Μακεδόνος
970 1124 1004 1150 κ.
1045 1124 1082 1149 τ.
1121 1118 1159 1149 λ.
1193 1110 1370 1163 Dionysii
1397 1113 1547 1162 tragoe-

241 1202 394 1241 diarum
444 1201 660 1253 specimen,
713 1213 951 1253 quamquam
991 1202 1032 1240 in
1076 1201 1265 1253 Aeschyli
1294 1200 1551 1253 pugillaribus

246 1292 456 1344 scriptum,
508 1290 679 1330 ridemus
729 1303 817 1329 cum
856 1290 1030 1330 Luciano
1070 1291 1174 1331 Adv.
1219 1290 1370 1331 Indoct.
1413 1292 1435 1342 ξ
1481 1293 1552 1342 15;

244 1382 415 1421 eiusdem
452 1381 618 1421 insulsas
655 1381 911 1432 etymologias
939 1381 1106 1433 legimus
1135 1393 1197 1433 ap.
1226 1380 1477 1420 Athenaeum
1504 1381 1551 1420 L.

244 1473 332 1523 III,
369 1487 407 1525 p.
437 1475 487 1512 98
516 1473 574 1511 D:
605 1473 796 1524 virginem
825 1472 989 1511 vocabat
1016 1470 1237 1519 μένανδρον,
1266 1474 1322 1510 ὅτι
1352 1471 1456 1518 μένει
1485 1471 1550 1509 τὸν

243 1560 385 1614 ἄνδρας
426 1563 646 1602 columnam
673 1559 925 1611 μενεκράτην,
952 1557 1007 1599 ὅτι
1038 1560 1140 1608 μένει
1168 1563 1235 1599 καὶ
1265 1564 1421 1612 κρατεῒ;
1447 1560 1551 1607 βαλ-

246 1658 394 1694 λάντιον
436 1654 627 1704 iaculum,
658 1650 713 1691 ὅτι
743 1653 901 1691 ἕνάντιον
928 1652 1148 1703 βάλλεν-αις
1180 1652 1349 1691 murium
1378 1651 1550 1691 latebras

243 1745 432 1794 μυστήρια
451 1774 462 1789 ,
506 1747 561 1784 ὅτι
602 1743 687 1789 ’τεὺς
729 1747 803 1790 μῦς
843 1747 971 1794 τηρεῒς
1000 1743 1208 1782 Philoxeni
1235 1742 1283 1781 de
1310 1743 1418 1794 regia
1444 1742 1551 1794 poesi

241 1835 427 1875 iudicium
468 1848 531 1887 ap.
578 1833 692 1873 Diod.
731 1833 777 1872 L.
820 1833 927 1884 XV,
957 1832 1053 1885 Cap.
1082 1833 1131 1883 63
1163 1831 1355 1883 quomodo
1387 1831 1549 1871 victoria

240 1927 341 1965 ludis
368 1926 534 1964 Lenaeis
564 1939 587 1963 a
615 1928 782 1976 tyranno
810 1927 1009 1975 reportata
1034 1923 1069 1961 ei
1102 1935 1219 1961 causa
1246 1922 1383 1960 mortis
1411 1922 1550 1971 fuerit,

237 2029 299 2068 ap.
331 2015 497 2054 eundem
526 2015 571 2053 L.
601 2014 702 2065 XV,
734 2013 779 2053 C.
809 2015 872 2053 74.

288 2106 422 2145 Aliam
455 2105 696 2144 historiolam
726 2104 774 2142 de
802 2102 994 2155 Dionysio
1009 2105 1048 2141 et
1065 2101 1249 2153 Philippo
1261 2100 1381 2140 tradit
1396 2100 1550 2140 Aelian.

237 2199 288 2237 V.
338 2198 414 2248 H.,
458 2197 504 2236 L.
534 2196 644 2246 ΧΠ,
674 2195 769 2248 Cap.
802 2196 873 2234 60:
905 2193 1111 2245 Philippus
1140 2193 1181 2231 in
1209 2192 1385 2231 convivio
1415 2190 1549 2231 aderat

237 2302 325 2327 cum
369 2287 574 2339 Dionysio.
619 2285 823 2324 Sermones
865 2283 978 2322 multi
1020 2281 1260 2332 inciderunt,
1302 2285 1422 2333 atque
1448 2281 1550 2320 inter

231 2380 309 2419 alia
357 2392 429 2418 rex
474 2390 495 2416 e
538 2376 726 2428 Dionysio
768 2375 985 2427 quaesivit,
1028 2386 1129 2424 quae
1168 2385 1286 2411 causa
1322 2375 1443 2422 esset,
1482 2385 1550 2411 cur

228 2474 381 2513 tantam
415 2468 719 2508 dominationem
749 2479 772 2506 a
801 2469 912 2519 patre
940 2467 1140 2517 acceptam
1163 2475 1241 2502 non
1256 2463 1549 2503 conservasset?
