1785 2956
862 281 980 328 41⁴

287 429 503 477 ἀγαμένους
544 432 608 468 καὶ
650 431 842 475 τιμῶντος
883 428 945 467 τὸν
988 425 1101 474 ἄνδρα
1129 430 1196 474 775,-
1225 424 1346 474 ulum,
1379 418 1419 467 ἣν
1451 423 1539 471 πρὸς

235 519 363 569 Ἱμέρᾳ
392 520 659 568 Καρχηδονίους
677 519 851 563 ἐνίκησεν.
868 519 929 557 De
943 517 1183 557 nobilissima
1200 515 1358 554 Gelonis
1374 514 1538 552 victoria

237 610 285 650 ef.
324 610 437 649 Diod.
467 610 512 649 L.
542 610 648 660 XII,
678 609 774 661 Cap.
803 611 876 659 223
904 622 950 648 eo
977 611 1134 647 auctore
1162 619 1253 645 casu
1282 606 1429 645 factum
1457 608 1540 652 est,

240 704 284 739 ut
326 700 460 739 eodem
490 700 552 738 die
577 700 618 737 in
647 699 812 737 Graecia
840 689 1031 736 Leonidas
1059 710 1147 735 cum
1177 709 1298 747 parva
1324 707 1443 732 manu
1472 706 1543 731 sua

241 790 392 830 fortiter
441 802 619 842 pugnans
660 788 764 841 apud
805 787 1085 839 Thermopylas
1124 785 1368 825 occumberet
1410 782 1541 834 (Diod.

244 880 339 933 Cap.
370 881 461 931 24).
506 879 575 918 Sin
617 879 746 931 potius
788 872 978 917 oredimus
1005 875 1226 925 Herodoto,
1255 875 1345 913 testi
1374 877 1412 913 et
1444 874 1544 912 anti-

242 970 368 1021 quiori
423 973 462 1008 et
516 968 621 1014 haud
671 968 787 1019 paulo
827 967 1016 1018 graviori,
1061 966 1173 1004 Gelo.
1201 964 1543 1015 Carthaginienses

243 1059 393 1111 pepulit
433 1058 567 1097 eodem
607 1058 690 1107 die,
732 1070 808 1109 quo
848 1057 889 1095 in
920 1056 1084 1095 Graecia
1113 1056 1377 1107 depugnatum
1404 1056 1465 1092 est
1494 1052 1544 1091 ad

256 1148 503 1187 Salaminem.
545 1147 642 1186 Hdt.
685 1147 732 1186 L.
775 1147 881 1196 VII,
922 1146 1016 1198 Cap.
1049 1147 1143 1184 166:
1173 1145 1263 1192 πρὸς
1292 1143 1329 1182 δὲ
1358 1145 1422 1181 καὶ
1452 1142 1542 1181 τάδε

243 1238 417 1289 λέγουσι,
459 1239 507 1283 ὡς
545 1237 682 1284 συνέβη
724 1242 791 1282 τῆ,-
833 1236 952 1285 αὺτῆ,·
994 1235 1127 1284 ἡμέρης
1172 1235 1208 1273 ἔν
1236 1250 1279 1273 τε
1309 1239 1357 1283 τῇ
1387 1232 1542 1284 Σικελίῃ

245 1326 397 1366 Γέλωνα
441 1329 506 1367 καὶ
549 1327 703 1376 Θήρωνα
745 1328 848 1366 νικᾶν
884 1325 1080 1374 Ἀμίλκαν
1109 1328 1172 1365 τόν
1202 1325 1448 1375 Καρχηδόνιον
1477 1328 1543 1363 καὶ

246 1420 282 1456 ἐν
325 1423 520 1465 Σαλαμῖνι
562 1420 605 1469 (l.
649 1422 868 1469 Σαλαμῖνι,
909 1419 1035 1458 deleto
1063 1417 1118 1470 ἐν)
1148 1417 1233 1462 τοὺς
1259 1419 1452 1461 ’Έλληνας
1482 1416 1544 1454 τὸν

246 1508 401 1557 Πέρσην.

717 1689 747 1728 C
759 1690 796 1727 A
808 1689 855 1728 P.
898 1689 938 1727 X
948 1689 988 1727 X
999 1688 1019 1727 I
1031 1689 1080 1727 V.

299 1866 526 1916 βουλόμενος
540 1869 556 1908 ὅ
570 1868 764 1917 Τιμολέων
780 1894 828 1898 -
846 1866 1092 1908 ’πανταπασ-ιν
1108 1871 1266 1919 ἐκκόψαι
1282 1874 1349 1919 ⁷513
1366 1870 1545 1915 Σικελίας

216 1955 219 1957 ’
246 1959 318 2004 τὰς
346 1960 562 2008 τυραννίδας
590 1975 623 2000 κ.
653 1975 689 1999 τ.
714 1970 750 1999 λ.
768 1961 878 2005 Quae
893 1961 998 1999 Plut.
1013 1965 1147 2000 narrat
1161 1962 1232 2000 hoo
1249 1962 1396 2013 eapite,
1412 1974 1546 2000 secun-

247 2051 339 2090 dum
362 2051 476 2090 Diod.
495 2052 598 2091 facta
612 2056 703 2090 sunt
718 2052 779 2091 Ol.
797 2051 893 2090 CIX
904 2082 914 2101 ,
931 2054 975 2101 3,
991 2065 1025 2090 a.
1042 2051 1086 2090 C.
1103 2053 1192 2090 342.
1209 2051 1322 2089 Diod.
1338 2052 1414 2089 alia
1431 2064 1546 2102 quae-

248 2140 337 2179 dam
373 2140 492 2179 tradit
528 2140 575 2180 de
606 2140 750 2192 Hieta,
781 2141 876 2193 Cap.
908 2143 978 2192 72,
1008 2142 1029 2191 ξ
1058 2143 1106 2180 2:
1136 2141 1335 2180 Timoleon
1363 2141 1403 2179 in
1431 2153 1547 2192 expe-

247 2230 432 2269 ditionem
458 2230 530 2269 ivit
556 2230 741 2269 adversus
768 2231 1000 2281 Leontinos3
1028 2243 1195 2282 namque
1222 2243 1266 2269 eo
1282 2230 1443 2269 Hicetas
1459 2244 1547 2269 eum

248 2320 342 2359 satis
367 2333 510 2372 magno
535 2321 710 2360 exercitu
737 2322 972 2373 profugerat.
1005 2322 1066 2360 Ac
1080 2322 1205 2373 primo
1220 2322 1372 2360 Novam
1387 2321 1545 2371 urbem,

249 2424 367 2463 quam
407 2414 568 2461 vocant,
609 2424 834 2463 oppugnare
874 2413 1023 2463 coepit;
1054 2415 1139 2450 tum
1167 2424 1259 2450 vero
1286 2411 1420 2450 multis
1448 2411 1547 2449 mili-

251 2501 356 2540 tibus
398 2502 502 2539 intra
529 2502 663 2540 urbem
691 2502 849 2540 inclusis
878 2506 916 2540 et
945 2503 1056 2540 facile
1085 2515 1136 2541 ex
1165 2502 1365 2540 moenibus
1394 2503 1547 2541 hostem
