1785 2956
882 304 933 342 20

256 449 414 487 prorsus
454 438 557 476 idem
597 438 829 478 declaratur.
859 440 919 479 Of.
950 441 1111 479 Lucian.
1142 440 1244 479 Gall.
1276 441 1298 491 ξ
1326 442 1396 479 23;
1424 444 1514 479 ὅταν
1543 440 1560 478 o‘

260 531 410 577 Κροῖσος
433 552 484 558 -
513 527 669 576 γέλωτα
697 528 851 582 παρέχῃ
879 529 1039 579 Πέρσαις
1067 529 1281 578 ἀναβαίνων
1310 531 1372 570 ἐπὶ
1401 531 1445 569 τὸ
1477 535 1562 580 πῦρ.

317 709 525 758 α’μφότεροι
571 710 608 748 δὲ
649 710 862 759 φάσκοντες
904 711 993 759 ὑπὲρ
1029 716 1097 756 τῆς
1127 711 1343 760 ἐλευθερίας
1370 709 1467 756 ἥκειν
1499 712 1562 751 καιΙ

258 790 464 826 καταλιέιν
491 786 578 833 τοὺς
606 786 829 837 μονάρχους.
859 788 1051 834 Quoniam
1074 789 1114 828 in
1129 790 1332 843 participio
1346 788 1559 839 φάσκοντες

259 879 492 929 significatio
521 880 773 931 promittendi
800 881 925 919 inesse
951 880 1125 930 videtur,
1154 893 1233 919 una
1246 881 1401 919 literula
1413 881 1559 919 inserta

254 969 385 1021 legere
427 971 533 1009 volui
561 972 626 1008 καὶ
656 972 912 1021 καταλι·’σειν,
941 984 1029 1010 cum
1055 970 1173 1010 incidi
1199 971 1239 1009 in
1267 970 1557 1010 annotationem

256 1058 430 1099 Reiskii:
478 1064 569 1110 „aut
611 1063 675 1099 καὶ
717 1057 948 1100 καταλύσειν
990 1062 1064 1113 leg.
1102 1061 1143 1099 in
1171 1060 1322 1110 futuro,
1351 1059 1557 1099 subaudito

248 1151 460 1197 φάσκοντες
502 1163 523 1188 e
551 1151 768 1200 communi,
806 1155 874 1188 aut
902 1152 965 1188 καὶ
996 1149 1179 1199 (subaudi
1206 1149 1313 1199 ὑπὲρ)
1343 1151 1407 1187 τοῦ
1434 1163 1554 1187 κοιτα-

250 1240 392 1278 λιέιν.”
422 1239 599 1279 Priorem
628 1240 831 1280 lectionem
861 1241 992 1291 utique
1020 1240 1282 1292 praetulerim.

307 1420 447 1467 χρυσὸν
476 1418 617 1465 ἔδειξαν
646 1413 693 1468 τῇ
724 1421 882 1469 Σικελία
915 1420 985 1464 τὰς
1016 1422 1050 1457 ἐν
1079 1424 1125 1468 τῇ
1149 1418 1329 1467 τυραννίδι
1344 1421 1553 1467 συμφορὰς.

250 1510 323 1549 Vir
352 1510 595 1549 doctissimus
625 1511 715 1550 Van
745 1511 792 1550 de
818 1511 922 1551 Laar
948 1512 988 1550 in
1018 1511 1241 1550 Observatt.
1264 1510 1348 1549 erit.
1364 1509 1414 1549 ad
1427 1509 1549 1549 vitam

246 1599 384 1639 Dionis
427 1613 516 1653 pag.
563 1603 609 1639 19
650 1601 784 1640 laudat
826 1601 953 1640 locum
990 1602 1030 1640 in
1060 1602 1142 1640 vita
1171 1601 1332 1640 Sertorii
1361 1601 1456 1653 Cap.
1487 1594 1547 1640 V:

245 1692 430 1741 (Mariani
473 1693 638 1744 superbe
678 1697 717 1731 et
759 1693 965 1732 crudeliter
1002 1693 1257 1742 saeviebant),
1283 1690 1378 1730 ὥστε
1405 1692 1545 1739 χρυσὸν

245 1780 443 1828 ἀποδεῖξαι
474 1781 669 1829 Ῥωμαίοις
697 1781 748 1821 τὰ
778 1785 842 1821 τοῦ
871 1780 1037 1829 πολέμου
1067 1779 1190 1830 κακά,
1219 1785 1258 1821 et
1273 1780 1448 1823 Platonis
1464 1793 1500 1834 q.
1516 1780 1543 1820 f.

245 1872 319 1923 Ep.
363 1871 472 1921 VII,
515 1885 604 1923 pag.
648 1874 725 1911 324
767 1873 824 1911 D:
869 1875 934 1910 καὶ
975 1874 1065 1920 ὁρῶν
1094 1872 1208 1915 δήπου
1237 1871 1320 1916 τοὺς
1346 1869 1480 1918 ἄνδρας
1507 1872 1543 1910 ἐν

240 1961 364 2012 χρόνῳ
398 1962 519 2014 ὀλίγῳ
545 1963 683 2011 χρυσὸν
711 1963 985 2011 ἀποδείξαντας
1012 1966 1079 2013 τὴν
1096 1962 1306 2012 ἔμπροσθεν
1323 1962 1542 2014 πολιτείαν,

240 2066 290 2092 ex
321 2053 593 2092 emendatione.
619 2054 907 2093 Hemsterhusii
935 2068 1004 2107 pro
1031 2059 1186 2103 χρυσῆν.

287 2235 586 2284 μακαριωτέρους
630 2234 749 2273 δόκεῖν
791 2235 968 2279 ἐποίησαν
1008 2234 1093 2280 τοὺς
1125 2235 1471 2283 καταστρέψαντας
1502 2235 1538 2274 ἐν

228 2332 275 2377 τῇ
319 2325 467 2375 δουλεία
509 2329 579 2365 τῶν
624 2325 817 2365 ἐπιδόντων
861 2329 928 2374 τὴν
970 2326 1206 2373 αὐτονομίαν.
1246 2325 1327 2365 Vix
1356 2339 1452 2378 opus
1479 2330 1538 2365 est

230 2417 394 2457 verbum
423 2417 549 2455 facere
577 2416 625 2455 de
653 2417 853 2455 notissimo
883 2419 1041 2467 ἐφορᾶν,
1069 2416 1172 2468 quod
1198 2429 1236 2455 v.
1266 2429 1298 2454 c.
1321 2417 1537 2456 luculenter

229 2509 449 2548 illustratur
493 2508 560 2548 illo
601 2509 684 2548 loeo
726 2521 788 2562 ap.
821 2507 1140 2560 Xenophontem,
1167 2507 1235 2548 ubi
1265 2506 1534 2561 Thrasybulus
1577 2545 1579 2547 .
