1785 2956
842 280 890 317 47

222 418 345 458 secuti
386 420 498 467 sunt,
539 428 636 468 quos
676 414 888 467 puniendos
926 415 966 453 in
1010 415 1126 453 aliam
1164 416 1402 454 occasionem
1442 415 1515 454 sibi

220 508 448 549 reservavit.
482 506 585 551 Quin
611 506 729 545 etiam
757 506 888 544 literas
916 505 1128 557 Syracusas
1157 506 1284 556 misit,
1314 510 1450 557 petens
1464 506 1514 544 ab

217 598 374 647 amicis,
416 600 460 635 ut
501 597 568 648 qui
595 597 723 648 ipsum
750 595 999 636 deseruerant
1029 596 1214 636 benevole
1241 598 1514 650 exciperentur

216 677 529 741 stipendiumcffue
551 687 598 725 iis
625 686 920 739 persolveretur.
950 687 1081 737 (Diod.
1112 687 1205 740 Cap.
1238 690 1308 738 79,
1339 689 1360 739 ξ
1395 690 1446 739 1).

269 870 358 918 πρός
401 868 463 908 τὸν
504 867 687 916 Κρίμησον
732 866 917 915 ποταμόν.
958 868 1122 907 Diversa
1159 873 1217 907 est
1245 869 1369 908 forma
1396 869 1511 909 huius

212 960 378 1000 nominis
418 959 522 1012 apud
559 960 783 1012 scriptores3
826 958 958 1011 Nepos
1000 958 1094 1011 Cap.
1138 959 1182 997 II
1210 958 1328 998 habet
1341 973 1355 1006 :r
1388 959 1514 1012 „apud

215 1051 442 1090 Orimissum
470 1051 652 1089 flumen.'’
681 1051 759 1102 Ap.
791 1050 904 1090 Diod.
932 1051 974 1090 in
1002 1051 1087 1102 ipsa
1113 1052 1336 1090 narratione
1352 1064 1510 1102 pugnae

215 1141 384 1181 fluminis
424 1154 563 1180 nomen
605 1154 683 1180 non
710 1144 893 1193 apparet;
922 1143 963 1181 at
991 1140 1101 1179 initio
1130 1140 1176 1179 L.
1207 1140 1331 1191 XIX,
1364 1140 1458 1193 Cap.
1490 1142 1514 1179 2

215 1232 256 1270 in
299 1231 460 1271 historia
500 1231 689 1283 pueritiae
727 1230 956 1282 Agathoclis
995 1231 1178 1282 leguntur
1206 1231 1349 1269 verba:
1380 1225 1513 1270 καθ’ὃν

215 1321 257 1369 δὴ
300 1324 428 1368 χρόνον
469 1320 663 1367 Τιμολέων
704 1320 773 1367 μὲν
814 1322 837 1357 ό
872 1320 1058 1367 Κορίνθιος
1090 1322 1243 1365 νικήσας
1270 1324 1337 1368 τὴν
1365 1321 1428 1359 ἐπὶ
1458 1321 1509 1368 τῷ

215 1411 379 1459 Κριμισῷ
407 1414 539 1460 μάχην
567 1410 651 1455 Tm),-
679 1409 948 1459 Καρχηδονίους
974 1410 1162 1457 μετέδωκε
1192 1415 1258 1460 τῆς
1275 1412 1310 1449 ἐν
1328 1413 1514 1459 Συρακού-

213 1516 297 1547 σαις
326 1501 519 1547 πολιτεία,-
546 1503 641 1540 ποῖσι
668 1506 745 1547 τοῖ,·
774 1500 1024 1548 βουλομένοις.
1054 1501 1204 1553 Vergil.
1234 1501 1334 1541 Aen.
1362 1501 1422 1552 V,
1439 1503 1510 1540 38:

218 1592 358 1642 „Troia
403 1592 559 1631 Criniso
602 1596 830 1644 conceptum
860 1593 1018 1631 flumine
1045 1596 1170 1631 mater
1195 1605 1311 1644 quem
1341 1594 1514 1644 genuit.”

206 1683 354 1722 Suidas
381 1683 440 1722 ed.
470 1683 592 1722 Gaisf.
623 1684 663 1722 in
692 1697 749 1722 v.:
779 1682 976 1731 Κριμισόςτ
1000 1684 1155 1730 ’Όνομοι
1182 1687 1377 1735 ποταμοῦ;
1394 1697 1513 1723 anno-

212 1776 271 1812 tat
314 1773 461 1824 editor,
505 1786 627 1813 unum
668 1773 750 1813 cod.
791 1773 936 1813 habere
976 1770 1191 1821 Κριμνισο’,·,
1237 1774 1339 1825 quod
1376 1774 1515 1813 vitium

217 1864 366 1905 scribae
410 1877 493 1904 esse
534 1868 651 1916 puto,
689 1865 856 1904 alterum
882 1868 1078 1913 Κριμησός.
1106 1864 1273 1904 Videtur
1300 1865 1405 1916 optio
1433 1877 1517 1904 esse

219 1954 395 1996 facienda
435 1955 537 1994 inter
574 1955 716 1994 formas
743 1957 930 2003 Κριμησό,·
958 1959 996 1995 et
1024 1955 1221 2004 Κριμισός,
1252 1968 1416 2008 quarum
1443 1955 1517 1994 for-

218 2050 320 2085 tasse
355 2046 450 2084 haec
478 2046 593 2084 fuerit
621 2046 811 2097 genuina,
839 2060 863 2085 a
889 2046 1057 2097 librariis
1085 2047 1237 2098 saepius
1252 2047 1291 2084 in
1307 2048 1514 2093 Κριμησό,-,

220 2135 404 2184 Κρινιο-ός,
436 2138 624 2184 Κρινισσὸς
653 2136 875 2189 depravata.

685 2318 716 2357 O
728 2318 765 2356 A
778 2318 823 2358 P.
862 2319 902 2357 X
913 2319 953 2358 X
965 2319 1004 2358 V
1016 2319 1049 2359 I.

272 2496 531 2545 ἐμβάλλουσιν
582 2492 724 2544 ἡμίονοί
760 2497 889 2536 σέλινα
931 2498 1154 2547 κομίζοντες.
1199 2499 1259 2537 De
1301 2499 1428 2538 omine
1468 2511 1519 2540 ex
