1785 2956
895 265 918 301 6

251 398 354 437 enim
380 397 448 437 ubi
476 397 571 451 Gap.
587 400 637 438 65
653 400 737 438 init.
756 400 1089 452 Syracusanorum
1104 401 1339 454 legationem
1355 404 1405 442 ad
1422 403 1557 443 Corin-

251 487 354 526 thios
381 488 540 526 missam
567 501 651 527 esse
679 489 829 538 docuit,
858 490 986 541 pergit
1012 491 1086 529 ita:
1116 490 1147 528 οἱ
1174 490 1211 528 δὲ
1227 491 1405 539 κρίνοντες
1421 492 1558 531 δίκκιον

250 573 344 615 εἶναι
372 581 449 622 τοῖς
477 577 675 625 ἀπογόνοις
699 579 876 626 βοηθεῖν,
897 580 1137 630 ἐψηφίσαντο
1162 581 1326 628 πέμπειν
1343 584 1556 632 στρατηγὸν

249 668 487 714 Τιμολέοντα
527 669 768 715 Τιμαινέτου.
804 671 916 710 Idem
943 684 1084 711 nomen
1114 673 1280 711 occurrit
1311 673 1406 724 Cap.
1438 675 1488 712 90
1517 674 1558 712 in

249 757 376 797 edicto
418 758 771 810 Syracusanorum:
814 759 1051 806 Τιμολέοντκ
1078 760 1309 807 Τιμαινὲτου
1339 761 1412 800 υἱὸν
1441 760 1559 801 τόνδε.

304 848 365 888 De
393 848 646 888 Timoleontis
674 850 831 901 ingenio
846 854 886 889 et
902 851 1074 890 moribus
1089 865 1214 903 pauca
1229 852 1347 890 habet
1365 852 1560 891 Diodorus

250 936 327 975 l.l.:
370 938 542 989 appellat
572 950 662 976 eum
691 940 927 986 πρωτεύοντα
957 941 1028 976 τῶν
1058 942 1217 978 πολιτῶν
1247 939 1393 990 ἀνδρείᾳ
1422 953 1464 977 τε
1494 942 1559 978 καὶ

252 1025 395 1064 συνέσει
423 1032 657 1075 στρατηγικῇ
684 1030 747 1066 καὶ
766 1031 934 1068 καθόλου
950 1033 1090 1074 ποὶσοιι,1
1107 1034 1193 1074 τοιῖς
1209 1031 1361 1077 (ipsu-9⁶52·
1378 1044 1561 1076 κεκοσμη-

254 1113 375 1161 μένον.

780 1298 811 1336 Ο
823 1297 861 1336 A
872 1298 919 1336 P.
969 1298 989 1336 Ι
1001 1299 1051 1336 V.

310 1475 364 1522 μὴ
398 1477 555 1515 πάθοιεν
586 1472 645 1514 οἶα
672 1474 735 1514 καὶ
766 1475 937 1524 πρότερον
967 1476 1037 1516 ὑπὸ
1066 1478 1141 1514 τῶν
1169 1475 1388 1526 συμμάχων
1413 1477 1566 1524 ἀποβαι-

256 1570 387 1610 λόντες
415 1570 484 1616 τὴν
514 1570 637 1606 πόλιν.
668 1568 772 1606 Socii
799 1568 957 1606 fuerunt
985 1567 1147 1619 Argivi;
1176 1568 1314 1606 alludit
1329 1568 1567 1607 Plutarchus

259 1656 309 1696 ad
351 1670 419 1708 ea,
464 1670 564 1710 quae
606 1658 711 1697 facta
752 1661 843 1697 sunt
883 1656 986 1697 bello
1029 1657 1298 1708 Corinthiaco,
1327 1671 1362 1697 a.
1392 1659 1491 1709 393,
1521 1657 1568 1697 de

257 1746 399 1798 quibus
439 1747 554 1785 rebus
595 1746 781 1798 legendus
823 1746 1044 1798 Xenophon
1085 1746 1126 1785 in
1170 1746 1275 1785 Hist.
1306 1746 1375 1785 Gr.
1406 1746 1451 1784 L.
1483 1746 1566 1796 IV,

260 1836 356 1888 Cap.
386 1838 423 1875 4.

312 1926 375 1966 De
415 1925 669 1965 Timoleontis
711 1925 918 1978 parricidio
948 1925 1081 1978 Nepos
1110 1925 1206 1978 Gap.
1237 1925 1279 1976 I,
1308 1927 1330 1977 ἓ
1358 1928 1405 1965 3;
1440 1925 1567 1975 „Nam

259 2030 349 2056 cum
393 2017 514 2056 frater
541 2017 625 2056 eius
653 2016 937 2068 Timophane8‚
968 2015 1050 2054 dux
1079 2029 1103 2055 a
1134 2016 1346 2055 Corinthiis
1374 2016 1567 2065 delectus,

259 2107 509 2161 tyrannidem
557 2120 627 2160 per
674 2107 818 2146 milites
860 2107 1118 2146 mercenarios
1160 2111 1407 2159 occupasset,
1449 2107 1569 2159 parti-

260 2212 428 2252 cepsque
467 2199 579 2251 regni
621 2202 752 2252 posset
779 2212 884 2249 esse,
914 2202 1070 2238 tantum
1096 2198 1195 2237 afuit
1224 2212 1248 2237 a
1274 2198 1460 2237 societate
1488 2211 1569 2237 sce-

261 2288 373 2340 leris,
402 2291 447 2327 ut
476 2288 704 2327 antetulerit
734 2288 877 2327 civium
893 2301 1051 2327 suorum
1066 2271 1288 2327 libertatem
1302 2288 1435 2326 fratris
1450 2288 1568 2326 saluti

262 2382 303 2418 et
329 2391 467 2432 parere
493 2378 645 2431 legibus
673 2390 792 2431 quam
818 2378 1012 2430 imperare
1040 2378 1191 2430 patriae
1221 2378 1343 2417 satius
1372 2377 1568 2417 duxerit.''

311 2469 529 2518 Αἰσχύλον,
573 2468 742 2519 ἀδελφὸν
782 2467 872 2506 ὄντα
904 2472 971 2513 τῆς
999 2471 1243 2522 Τιμοφάνους
1271 2466 1461 2515 γυναικός.
1494 2467 1571 2506 Sed
