1785 2956
864 282 912 319 37

274 416 466 456 Ceterum
515 418 723 469 exponitur
764 416 875 455 nobis
916 416 989 455 hoc
1030 417 1178 468 capite,
1219 416 1408 469 quomodo
1450 420 1536 455 orta

229 506 395 558 suspicio
429 506 530 545 inter
558 506 764 557 Magonem
792 509 831 544 et
859 505 1044 544 Hicetam
1073 506 1239 544 creverit
1268 506 1534 556 sermonibus,

196 600 199 601 ’
228 608 324 647 quos
362 596 464 635 inter
504 609 544 634 se
584 595 782 649 habebant
822 595 1050 634 mercenarii
1096 608 1147 634 ex
1188 600 1354 648 utroque
1384 596 1534 636 Graeco

228 685 424 735 exercitu,
466 697 534 736 per
570 685 691 724 otium
734 687 774 723 et
812 684 987 724 inducias
1028 685 1069 724 in
1096 685 1297 737 captandis
1326 687 1511 738 anguillis
1525 716 1535 736 ‚

229 787 330 826 quae
356 774 458 813 circa
486 773 623 812 urbem
651 773 757 812 nasci
785 773 989 823 dicuntur,
1018 775 1208 825 occupati.
1225 774 1533 826 Exprobrabant

228 863 419 903 Corinthii
464 863 629 903 Hicetae
670 863 881 913 militibus,
924 864 1027 916 quod
1057 864 1232 903 barbaris
1259 864 1309 903 ad
1338 864 1531 904 Graecam
1585 873 1587 875 ’

226 954 423 1005 regionem
464 953 717 1005 subigendam
758 966 916 1005 operam
954 967 1064 993 suam
1091 954 1389 1003 commodarent.
1418 954 1532 994 Haec

227 1043 295 1082 ubi
321 1043 362 1081 in
391 1043 527 1082 castris
555 1043 901 1094 percrebruerunt,
930 1043 1047 1095 Mago
1075 1043 1330 1095 proditionem
1354 1047 1533 1083 metuens

225 1132 411 1184 neglectis
441 1132 605 1172 Hicetae
634 1132 812 1184 precibus
842 1132 976 1171 statim
1007 1133 1121 1172 solvit
1149 1146 1200 1172 ex
1227 1137 1342 1185 portu
1357 1136 1396 1172 et
1411 1134 1541 1173 omni·

223 1222 297 1261 bus
338 1223 456 1274 copiis
496 1223 536 1261 in
577 1223 754 1262 Africam
795 1223 982 1262 discessit.
1015 1222 1073 1273 ,In
1111 1222 1184 1262 hoc
1221 1236 1298 1262 non
1339 1225 1532 1263 consentit

226 1313 418 1352 Diodorus
472 1313 567 1365 Cap.
611 1315 682 1364 69,
725 1315 748 1353 5
789 1314 980 1360 scribens:
1024 1310 1070 1351 ὧν
1113 1313 1366 1362 πραχθέντων
1379 1337 1388 1340 2
1408 1316 1451 1366 (i.
1494 1329 1539 1355 e.

227 1402 515 1443 Corinthiorum
557 1403 738 1442 subsidiis
778 1417 803 1442 a
843 1403 1084 1443 Timoleonte
1121 1405 1306 1457 acceptis)
1335 1404 1530 1451 Τιμολέων

224 1492 292 1538 μὲν
334 1492 554 1543 ἐθάρρησεν,
597 1492 627 1530 οἱ
668 1492 705 1530 δὲ
734 1492 977 1540 Καρχηδόνιοι
1007 1493 1251 1542 φοβηθέντες
1280 1494 1531 1532 ἀπέπλευσαν

223 1583 265 1621 ἐκ
295 1586 357 1622 τοῦ
383 1582 532 1629 λιμένος
558 1582 731 1633 ἀλόγως,
763 1583 828 1622 καὶ
857 1582 960 1630 μετὰ
989 1582 1115 1628 πάσης
1143 1587 1211 1632 τῆς
1239 1583 1427 1631 δυνάμεως
1455 1585 1527 1628 εἰς

222 1675 306 1721 τὴν
348 1673 477 1712 ἰδίαν
505 1671 835 1721 ἐπικράτειαν
866 1672 1168 1721 ἀπηλλάγησαν.
1199 1675 1362 1715 Constat
1390 1676 1526 1729 Mago-

223 1768 313 1804 nem
352 1764 512 1804 infamia
553 1768 731 1804 notatum
773 1778 866 1817 prae
894 1765 1160 1818 desperatione
1187 1779 1228 1805 se
1255 1766 1383 1819 ipsum
1410 1767 1528 1807 inter-

223 1856 377 1905 fecisse,
421 1869 589 1908 namque
617 1855 730 1908 (Cap.
760 1856 906 1907 XXII)
935 1857 1100 1895 nuncius
1127 1858 1234 1896 venit
1262 1858 1303 1895 in
1332 1857 1526 1908 Siciliam,

222 1945 308 1990 τοὺς
347 1945 615 2003 Καρχηδονίους
652 1947 717 1984 τοῦ
744 1945 814 1991 μὲν
842 1944 1031 1991 Μάγωνος
1061 1945 1191 1984 ἑαυτὸν
1219 1947 1415 1991 ἀνελόντος
1439 1949 1525 1985 ἀνε-

222 2035 469 2083 σταυρωκέναι
497 2036 540 2073 τὸ
568 2037 682 2081 σῶμα
712 2034 775 2072 δὶα
802 2037 869 2082 τὴν
898 2036 1131 2082 στρατηγίαν
1161 2035 1411 2083 ὀργισθέντας
1443 2037 1525 2076 κτὲ.

715 2214 852 2255 OAP.
882 2215 1047 2255 XXII.

273 2397 469 2444 γενόμενος
513 2396 550 2436 δὲ
591 2400 658 2446 τῆς
699 2399 818 2445 ἄκρας
860 2395 979 2445 κύριος
1007 2396 1072 2436 οὐκ
1101 2397 1232 2439 ἔπαθε
1265 2398 1376 2439 Δίωνι
1404 2400 1521 2441 ταὺτὸ

222 2487 357 2533 πάθος.
401 2489 563 2540 Legitur
603 2489 643 2526 in
684 2489 766 2527 vita
805 2488 942 2527 Dionis
985 2489 1079 2541 Cap.
1124 2490 1247 2530 LIII:
1291 2492 1520 2533 Heraclides
