1785 2956
871 276 921 313 66

248 412 382 452 eadem
425 426 467 452 re
508 412 667 452 dictum.
710 412 796 452 Hoc
833 413 916 452 loco
943 412 1131 457 οἷνοικίσας
1160 412 1443 453 emendandum
1467 425 1550 451 esse

246 516 317 555 pro
359 504 505 547 οἶκίσοις
522 534 532 554 ,
577 504 758 555 equidem
786 517 1014 556 persuasum
1045 503 1236 543 habebam
1252 534 1262 554 ,
1291 516 1381 542 cum
1409 503 1459 542 V.
1491 503 1550 542 Ol.

248 591 441 632 Oobetum
470 606 584 645 opem
612 593 708 632 mihi
737 594 837 633 ferre
868 593 948 633 vidi
978 594 1094 632 simili
1118 594 1322 644 ratione-in
1345 593 1428 632 vita
1442 592 1550 631 Peri-

244 682 313 720 clis
359 681 455 734 Cap.
485 682 548 720 XI
579 683 812 722 scribentem
841 682 1131 731 ἀνοικιζομένης
1157 681 1342 731 Συβάριος
1368 695 1437 735 pro
1464 683 1550 721 οἶκι-

244 769 397 820 ζομένης
429 771 646 823 Συβάρεως)
675 785 711 811 v.
744 772 931 812 Mnemos.
962 773 1054 823 anni
1085 774 1211 824 1873,
1239 786 1328 825 pag.
1359 773 1467 823 334).

295 861 503 909 γυμνάσιον
531 867 608 907 τοῖς
637 857 725 907 νέοις
752 863 894 911 ἀνῆκαν
921 861 984 901 καὶ
1001 865 1284 909 Τιμολεόντειον
1304 866 1548 911 προσηγόρευ-

241 968 332 1004 σαν,
369 967 475 994 more
514 956 654 994 aetatis
696 955 955 994 Plutarcheae
983 968 1052 1006 pro
1080 958 1289 1002 προσεῖπον.
1322 954 1381 993 Of.
1412 955 1545 1006 Nepo-

241 1047 322 1082 tem
363 1045 404 1082 in
447 1045 523 1082 fine
565 1045 699 1083 Vitae:
752 1044 852 1093 „Hic
881 1058 968 1083 cum
999 1045 1100 1083 diem
1128 1053 1351 1097 supremum
1379 1045 1546 1094 obisset,

240 1133 395 1184 publice
435 1148 458 1172 a
497 1134 753 1185 Syracusanis
781 1135 821 1172 in
849 1135 1073 1185 gymnasio,
1104 1134 1207 1185 quod
1235 1134 1545 1173 Timoleonteum

242 1224 489 1275 appellatur,
546 1228 628 1263 tota
682 1223 902 1263 celebrante
954 1223 1085 1262 Sicilia
1136 1224 1311 1276 sepultus
1352 1225 1449 1263 est.''
1493 1247 1543 1251 -

241 1312 428 1352 Eiusdem
472 1315 666 1364 gymnasii
707 1315 852 1352 mentio
893 1314 937 1351 fit
968 1327 1030 1364 ap.
1061 1314 1303 1365 Polyaenum
1333 1313 1452 1352 Strat.
1482 1313 1542 1362 V,

240 1404 286 1453 3,
328 1404 351 1441 8
393 1404 433 1441 in
477 1403 606 1455 capite
638 1402 685 1441 de
714 1402 954 1454 Agathocle:
987 1400 1108 1457 αὔριόν
1138 1415 1185 1447 γε
1215 1400 1460 1445 συνελθόντες
1492 1401 1543 1445 εἷς

240 1494 282 1532 τὸ
328 1493 591 1540 Τιμολεόντιον
635 1494 706 1542 (sic
749 1492 892 1531 Coraes
931 1493 972 1530 in
1014 1506 1084 1531 sua
1125 1492 1314 1543 editione,
1357 1505 1428 1544 pro
1468 1505 1545 1544 quo

238 1584 524 1624 restituendum
563 1598 647 1622 -ειον
675 1597 696 1622 e
724 1584 916 1622 constanti
945 1584 1147 1634 analogia,
1178 1596 1277 1635 quae
1306 1584 1476 1622 cernitur
1504 1583 1545 1621 in

238 1677 445 1724 Μουσεῖον,
491 1673 730 1722 Ἡρακλεῖον,
775 1676 951 1722 Θησεῖον,
996 1672 1242 1718 Ὀλυμπίειον
1284 1676 1323 1711 et
1352 1672 1475 1722 sim.),
1506 1675 1545 1710 et

237 1764 355 1815 paulo
393 1760 514 1802 iufra:
548 1764 629 1800 ἐπεὶ
659 1763 696 1800 δὲ
724 1767 791 1810 τῆς
819 1762 1016 1810 ὑστεραίοος
1044 1764 1112 1813 (an
1141 1764 1215 1814 leg.
1243 1768 1290 1811 τῇ
1318 1761 1496 1810 ὑστεραίᾳ
1508 1760 1544 1809 Ρ)

238 1854 290 1897 εἷς
331 1854 376 1890 τὸ
418 1852 702 1899 Τιμολεόντειον
744 1854 928 1900 συνῆλθον
961 1852 1038 1892 κτέ.
1069 1876 1119 1881 -
1150 1852 1342 1891 Diodorus
1370 1864 1544 1903 quoque,

237 1946 310 1984 etsi
352 1944 399 1983 de
445 1944 713 1984 Timoleonteo
754 1945 907 1983 condito
952 1944 1119 1984 verbum
1159 1945 1310 1983 nullum
1350 1944 1463 1994 facit,
1504 1944 1546 1983 in

239 2036 400 2075 historia
438 2035 670 2087 Agathoclis
699 2034 747 2075 de
774 2048 819 2074 eo
853 2035 1058 2088 gymnasio
1087 2035 1258 2087 loquitur
1285 2038 1471 2086 tanquam
1499 2034 1546 2073 de

235 2132 327 2166 noto
355 2128 459 2176 loco,
492 2127 538 2164 L.
572 2126 697 2176 XIX,
730 2127 825 2177 Cap.
857 2129 901 2165 6:
934 2126 980 2170 ὡ,-
1009 2126 1039 2163 δ’
1070 2125 1172 2171 αὐτῷ
1190 2126 1300 2162 πάντ’
1316 2121 1356 2168 ἦν
1371 2125 1545 2174 εὐτρεπῆ,

236 2220 313 2261 τοῖς
355 2217 423 2263 μὲν
465 2216 718 2263 στροιτιώτοιι,Ι
748 2217 1011 2264 παρήγγειλεν
1040 2217 1215 2254 (ἰπαντᾶν
1245 2215 1314 2262 ἅμ’
1344 2214 1463 2263 ἡμέρᾳ
1492 2215 1544 2261 εἷς

238 2309 283 2346 τὸ
313 2306 608 2354 Τιμολεόντειον.
