1785 2956
890 258 940 296 45

259 395 518 435 Inveniuntur
561 395 656 435 haec
683 408 745 448 ap.
775 394 932 434 Diodor.
964 378 1061 446 Cap.
1093 394 1164 444 73,
1194 394 1215 444 ἓ
1245 395 1290 433 3:
1321 392 1561 443 Καρχηδόνιοι

258 485 296 523 δὲ
339 485 424 530 τοὺ,-
463 485 566 528 aare}
608 488 675 534 τὴν
719 485 898 523 Σικελίαν
941 483 1179 532 στρατηγοὺς
1206 484 1359 531 ὁρῶντες
1390 485 1560 530 ἀγεννῶς

202 560 205 561 ⁷
258 577 322 613 τὸν
364 575 530 621 πδλεμον
570 575 794 620 &omasum-123
835 574 977 622 ἔκριναν
1007 573 1148 622 ἑτέρους
1175 573 1426 613 ἀποστέλλειν
1454 575 1557 621 μετὰ

258 665 448 713 δυνάμεως
489 665 679 714 μεγάλης.
724 666 859 721 Pergit
893 666 969 705 ita:
1010 665 1174 718 „Itaque
1202 667 1334 706 statim
1361 666 1558 707 nobilissi-

254 768 406 795 morum
438 755 582 795 civium
609 758 648 795 et
675 755 972 794 fortissimorum
1001 753 1188 793 Afrorum
1217 754 1369 794 delectu
1396 755 1555 806 habito,

251 851 453 898 praeterea
477 860 620 898 magna
644 847 809 898 pecunia
823 847 963 885 collata
978 846 1176 897 Hispanos
1188 876 1198 896 ,
1216 845 1372 895 Gallos,
1389 845 1554 897 Ligures

252 936 427 976 mercede
454 936 744 987 conduxerunt3
770 949 890 976 naves
916 949 1072 988 quoque
1097 936 1233 987 longas
1257 936 1436 975 fabricati
1450 935 1552 975 mul-

252 1029 313 1066 tas
354 1026 549 1066 onerarias
584 1029 807 1066 coemerunt
835 1029 874 1065 et
902 1025 1057 1065 omnino
1085 1025 1282 1077 ingentem
1303 1024 1402 1065 belli
1430 1038 1550 1078 appa-

252 1120 382 1154 ratum
425 1117 785 1166 comparaverunt.”
828 1115 937 1154 Infra
979 1115 1076 1166 Gap.
1120 1117 1167 1153 77
1180 1145 1190 1164 ,
1233 1116 1255 1164 ξ
1296 1117 1320 1152 4
1361 1115 1475 1153 Diod.
1505 1115 1553 1154 de

252 1205 472 1245 Poenorum
499 1205 619 1257 copiis
648 1204 801 1244 circiter
830 1203 964 1244 e'adem
991 1203 1109 1244 refert
1137 1217 1239 1256 quae
1267 1203 1394 1244 Plut.:
1412 1204 1549 1244 Totius

250 1279 445 1334 exercitus
473 1307 624 1334 summa
654 1307 742 1334 cum
769 1294 817 1334 iis
845 1294 985 1349 copiiS,
1014 1307 1114 1347 quae
1139 1294 1219 1334 iam
1233 1298 1350 1335 antea
1363 1296 1403 1336 in
1419 1295 1552 1336 Sicilia

248 1390 380 1436 erant,
421 1387 495 1425 fuit
534 1386 708 1437 peditum
747 1387 835 1437 plus
871 1386 988 1424 LXX
1015 1387 1186 1435 milium;
1217 1387 1415 1426 habebant
1442 1389 1550 1439 equi-

246 1479 331 1516 tum
375 1479 414 1516 et
444 1489 628 1516 curruum
661 1479 701 1515 et
731 1474 911 1527 bigarum
937 1487 1016 1515 non
1043 1475 1170 1515 minus
1199 1474 1239 1515 X
1268 1476 1396 1528 milia,
1425 1490 1546 1517 naves

246 1567 381 1625 longas
418 1565 506 1617 OC,
535 1566 731 1606 onerarias
761 1566 848 1618 plus
876 1564 959 1605 M.”
989 1565 1125 1605 Tradit
1155 1565 1270 1606 Diod.
1284 1597 1294 1617 ,
1323 1566 1370 1606 de
1401 1580 1479 1619 qua
1506 1580 1549 1606 re

247 1656 336 1696 silet
380 1656 635 1707 Plutarchus,
679 1657 962 1696 Timoleontem
997 1657 1118 1696 etiam
1148 1660 1232 1696 tum
1258 1657 1300 1695 in
1327 1648 1429 1696 bello
1457 1670 1545 1696 cum

224 1799 226 1802 y
247 1746 391 1786 Hiceta
419 1750 649 1799 occupatum
677 1759 812 1799 pacem
841 1759 929 1786 cum
956 1759 1001 1786 eo
1029 1746 1164 1786 fecisse
1194 1750 1233 1785 et
1257 1747 1446 1786 militibus
1463 1747 1546 1787 eius

247 1837 297 1876 ad
337 1850 377 1876 se
416 1837 597 1889 receptis·
623 1838 821 1889 copiarum
864 1850 1023 1877 suarum
1062 1850 1267 1877 numerum
1295 1838 1400 1876 haud
1428 1838 1545 1890 paulo

244 1926 411 1966 auxisse.
457 1927 571 1966 Tum.
588 1926 683 1979 Cap.
716 1928 786 1966 78:
815 1926 913 1973 ἔδοξε
942 1927 1084 1978 δἀὐτῷ
1111 1927 1171 1966 τὸν
1200 1927 1287 1975 πρὸς
1315 1926 1401 1972 τοὺς
1430 1925 1545 1965 Φοίνι-

243 2031 313 2061 κας
355 2017 489 2063 α’γῶναι
530 2016 796 2061 συστήσασθαι
839 2016 943 2055 κατὰ
972 2017 1039 2061 τήν
1069 2020 1145 2055 τῶν
1176 2016 1434 2065 Καρχηδονίων
1464 2019 1543 2056 ἐπι-

242 2107 439 2159 κράτειαν,
466 2104 564 2152 ὅπως
593 2110 661 2156 τὴν
688 2107 756 2154 μὲν
784 2110 855 2145 τῶν
884 2106 1103 2156 συμμάχων
1129 2107 1256 2156 χώραν
1279 2108 1387 2152 ἀσινῆ
1407 2108 1543 2157 διαφυ-

241 2198 362 2248 λάξῃ,
392 2200 458 2247 τὴν
487 2197 517 2237 δ’
547 2198 617 2238 ὑπὸ
645 2197 731 2244 τοὺς
757 2197 974 2257 βαρβάρους
1000 2194 1113 2237 οὖσαν
1142 2197 1400 2251 καταφθείρῃ.
1417 2198 1540 2238 Maio-

241 2303 323 2329 rem
363 2290 529 2341 speciem
570 2290 653 2329 veri
693 2289 812 2328 habet
848 2289 889 2328 id
915 2288 1017 2341 quod
1045 2289 1240 2340 colligitur
1266 2302 1288 2328 e
1318 2290 1539 2329 narratione

239 2378 466 2431 Plutarchi,
508 2379 789 2419 Timoleontem
830 2391 908 2419 non
948 2393 1019 2419 sua
1060 2384 1219 2432 sponte,
1262 2380 1329 2420 sed
1365 2380 1537 2421 hostium

238 2472 456 2511 incursione
497 2474 672 2511 coactum
712 2471 754 2510 in
797 2483 843 2510 ea
883 2470 1007 2524 parte
1023 2469 1196 2521 Siciliae,
1226 2483 1326 2523 quae
1356 2483 1534 2513 occasum
