1785 2956
899 274 949 311 48

265 409 354 461 apio
382 409 430 447 cf.
458 407 565 447 Plut.
596 407 868 447 Oonvivalium
897 410 942 449 L.
972 410 1036 460 V,
1067 410 1162 462 Cap.
1180 411 1373 461 3‚2‚ubi
1389 411 1573 451 Timaeus
1608 456 1612 459 .

264 500 581 539 narratiunculae
617 503 752 539 auctor
780 512 864 539 esse
891 499 1044 540 dicitur.
1074 500 1153 551 (De
1179 501 1349 542 absurda
1375 502 1570 553 oratione,

263 604 343 643 qua
382 590 584 629 Timoleon
621 589 756 629 eodem
784 589 944 629 Timaeo
972 594 1130 631 auctore
1158 595 1249 631 ante
1277 605 1449 644 pugnam
1477 605 1571 631 usus

263 693 351 720 esse
375 680 578 719 dicebatur
607 679 657 718 ad
686 680 830 719 milites
857 679 1134 732 cohortandos,
1163 665 1359 735 quamque
1382 682 1570 734 Polybius

263 772 415 810 Timaei
445 771 647 810 mendacia
674 783 842 822 arguens
856 772 958 811 inter
972 745 1224 819 μειρακιώδεις
1239 774 1304 810 καὶ
1319 771 1570 820 διατριβικοὺ,·

261 864 398 909 λόγους
427 864 621 911 numerat,
649 873 686 900 v.
715 842 873 913 Polybii
899 861 1119 913 fragmenta
1149 860 1196 900 L.
1224 861 1310 900 XII
1326 892 1337 912 ,
1354 861 1449 915 Cap.
1466 863 1517 902 26
1532 875 1568 902 a.

260 954 319 993 ed.
358 951 495 1002 Dind.)
526 951 565 989 N
567 951 832 990 arratiuncula
859 952 1092 1003 pervulgata
1119 955 1178 990 est
1207 951 1312 1003 apud
1341 953 1567 1004 scriptores3

258 1044 402 1095 legitur
430 1055 585 1094 quoque
613 1055 676 1093 ap.
705 1041 820 1081 Diod.
851 1041 946 1093 Gap.
978 1043 1050 1092 79,
1079 1042 1100 1092 ἓ
1131 1043 1155 1081 3
1183 1045 1223 1082 et
1247 1055 1309 1094 ap.
1326 1042 1568 1095 Polyaenum

261 1133 433 1185 Strateg.
464 1131 511 1171 L.
541 1130 601 1182 V,
631 1130 727 1183 Cap.
760 1132 834 1181 12,
861 1131 911 1170 ab
943 1134 1112 1183 utroque
1139 1131 1221 1171 sine
1237 1131 1355 1171 dubio
1370 1132 1568 1172 eTimaeo

261 1223 397 1275 petita.

309 1401 492 1451 παροιμία
520 1414 578 1445 τις
610 1401 651 1438 ἐκ
679 1402 810 1439 τούτου
840 1398 1000 1450 γέγονε,
1028 1401 1093 1437 τὸν
1121 1399 1352 1449 ἐπισφαλῶς
1377 1404 1564 1446 νοσοῦντα,
1606 1440 1617 1446 ,

259 1494 410 1533 δεῖσθαι
434 1496 561 1531 τοῦτον
579 1496 643 1530 τοῦ
659 1491 817 1530 σελίνου.
834 1490 899 1530 Ita
914 1489 1147 1530 Sintenisius
1161 1491 1202 1529 in
1216 1491 1361 1530 maiore
1375 1492 1542 1531 editione
1553 1522 1564 1544 ‚

255 1585 323 1624 ubi
364 1587 547 1624 annotat:
593 1586 743 1633 „wistron
784 1586 849 1619 τοῦ
895 1593 970 1620 om.
1009 1580 1054 1620 O.
1092 1580 1192 1631 (cod.
1216 1580 1341 1620 Paris.
1369 1581 1489 1633 1673)
1517 1594 1563 1621 ac

256 1688 349 1714 sane
390 1678 518 1712 τοῦτον
560 1673 718 1724 quidem
760 1672 894 1710 malim
934 1671 1109 1710 abesse.”
1152 1671 1229 1710 Sed
1268 1672 1309 1710 in
1349 1673 1564 1711 recentiore

255 1766 348 1805 edit.
377 1767 506 1804 τοῦτον
535 1766 601 1803 τοῦ
630 1763 782 1802 uncinis
811 1762 968 1803 inclusit
996 1760 1111 1801 idem.
1143 1760 1346 1814 Siapium
1369 1774 1431 1801 res
1447 1762 1561 1803 solita

253 1860 292 1894 et
336 1853 565 1906 quotidiana
606 1856 664 1891 est
704 1852 744 1890 in
782 1851 984 1890 funeribus
1012 1851 1253 1891 celebrandis
1266 1882 1276 1902 ‚
1305 1864 1377 1903 ego
1404 1852 1561 1903 quidem

252 1950 499 1997 exspectem:
527 1945 590 1983 τὸν
631 1944 659 1981 ἐ.
706 1957 736 1980 ν.
780 1942 931 1982 δεῖσθαι
974 1946 1055 1981 τοῦ
1098 1942 1265 1994 σελίνους
1301 1946 1429 1981 τοῦτον
1457 1947 1560 1983 certe

253 2038 348 2076 satis
390 2036 597 2075 molestum
637 2033 803 2089 videtur.
846 2034 973 2074 Locus
1016 2034 1056 2072 in
1097 2032 1311 2073 Moralibus
1339 2033 1398 2073 ed.
1428 2033 1559 2075 Diibn.

250 2127 346 2166 haec
391 2126 534 2165 habet:
575 2122 630 2163 ἔτι
660 2124 761 2163 δοκεῖ
784 2125 829 2162 τὸ
857 2123 1000 2162 σε’λινον
1031 2122 1232 2168 ἐπικήδειον
1260 2120 1353 2161 εἶναι
1380 2126 1446 2162 καὶ
1474 2123 1561 2168 τοὺς

249 2218 480 2273 ἐπισφαλοῦς
510 2220 706 2259 νοσοῦντα,-
734 2214 886 2254 Besa-Sat
915 2215 997 2253 τοῦ
1026 2213 1171 2253 σελίνου
1195 2213 1352 2263 φαμέν,
1370 2227 1447 2266 quo
1460 2214 1557 2254 duce

249 2308 458 2348 articulum
487 2306 559 2346 hoc
589 2317 745 2358 quoque
771 2305 855 2344 loco
883 2303 1133 2343 retinendum
1160 2316 1244 2343 esse
1272 2303 1451 2344 arbitror.

244 2490 261 2532 ὅ
289 2490 326 2530 δὲ
360 2488 502 2531 ἵπτατο
530 2488 730 2535 κεκλαγὼς
758 2486 865 2533 μέγα
895 2488 960 2525 xxi
989 2484 1215 2534 θαρραλέον.
1230 2485 1358 2526 Video
1373 2486 1414 2525 in
1431 2485 1558 2526 Sinte-
