1785 2956
844 270 919 306 ·22

241 406 307 445 OC
337 406 543 444 accessisse
569 406 684 455 vult).
713 405 854 445 Cetera
882 409 926 444 ut
952 418 1015 457 ap.
1045 405 1173 444 Plut.:
1207 405 1355 454 „Nocte
1385 404 1547 443 cadente

239 495 434 549 profectus
463 495 601 547 (habes
629 494 911 536 Plutarcheum
937 499 1006 541 τῆς
1035 493 1177 544 ἡμέρας
1200 492 1546 545 καταφερομένης,

235 585 340 637 quod
366 585 473 624 Plut.
501 585 606 638 apud
633 580 837 625 Timaeum
864 586 927 626 vel
954 586 1175 638 quicunque
1204 586 1368 637 scriptor
1402 584 1543 639 harum

237 682 369 714 rerum
407 675 554 715 fontem
581 676 841 728 suppleverit,
870 676 944 715 sibi
970 677 1115 715 lectum
1143 676 1184 715 in
1210 676 1334 727 magis
1365 679 1548 715 accurata

237 765 460 805 narratione
498 764 662 805 fortasse
702 765 846 805 rectius
886 765 936 805 ad
976 765 1189 806 secundum
1232 764 1335 805 diem
1376 765 1547 816 rettulit)

238 858 393 908 postero
433 855 496 895 die
535 855 585 895 ad
622 856 828 896 Adranam
854 857 1054 909 pervenit3
1082 856 1248 896 Hicetae
1277 856 1407 908 copias
1436 869 1547 895 neco-

238 945 373 997 pinato
399 958 606 997 aggressus
634 950 762 985 castra
789 934 932 986 invasit
958 959 1004 986 ac
1018 947 1105 998 plus
1121 944 1223 986 CCC
1247 946 1405 996 occisis,
1422 946 1547 998 captis

239 1034 392 1074 circiter
419 1035 492 1075 Do
520 1036 657 1075 castris
685 1036 832 1088 potitus
861 1035 958 1075 est.''

291 1125 472 1165 Breviter
499 1125 807 1177 perstringamus
835 1125 975 1164 miram
1002 1125 1301 1177 discrepantiam
1328 1124 1431 1163 inter
1454 1124 1548 1162 Dio-

240 1214 378 1254 dorum
419 1217 458 1253 et
499 1213 758 1254 Plutarchum
787 1214 828 1253 in
855 1214 1077 1255 narratione
1105 1226 1239 1253 earum
1268 1225 1419 1264 rerum,
1448 1226 1548 1265 quae

241 1305 342 1344 hanc
378 1318 551 1357 pugnam
579 1308 734 1344 secutae
763 1309 866 1344 sunt.
894 1305 984 1345 Non
1011 1309 1070 1344 est
1098 1306 1174 1344 mci
1201 1305 1410 1357 propositi,
1425 1308 1549 1343 totam

240 1395 507 1446 quaestionem
550 1398 784 1445 retractare,
826 1395 929 1447 quod
967 1395 1043 1433 nisi
1087 1394 1261 1445 longiore
1288 1393 1550 1445 disputatione

240 1484 341 1524 inita
380 1487 420 1524 et
457 1484 637 1524 omnibus
674 1484 892 1525 rationibus
922 1488 1102 1524 accurate
1129 1484 1329 1537 perpensis
1358 1484 1442 1522 fieri
1472 1496 1550 1522 non

242 1577 392 1626 potest3
434 1575 529 1614 satis
567 1575 692 1615 habeo
730 1576 841 1629 sequi
870 1576 1104 1615 sententiam
1132 1587 1288 1625 eorum,
1315 1575 1382 1626 qui
1410 1574 1549 1613 doctis-

242 1664 339 1703 sime
366 1667 406 1703 et
432 1664 655 1704 acutissime
683 1664 731 1704 de
758 1664 832 1704 hac
860 1677 903 1704 re
932 1664 1253 1717 disputaverunt,
1282 1664 1472 1716 imprimis
1500 1663 1549 1702 G.

243 1754 371 1794 Grotii
400 1754 441 1793 in
469 1754 646 1794 Historia
673 1754 826 1794 Graeca
852 1755 960 1805 (Vol.
989 1754 1074 1805 XI,
1099 1754 1548 1806 cap.185)etArnoldtii

241 1844 283 1883 in
312 1843 409 1884 Vita
436 1843 701 1884 Timoleontis.
732 1844 869 1884 Totius
883 1844 941 1883 rei
955 1857 1106 1883 summa
1119 1843 1197 1883 huc
1211 1843 1336 1883 redit:
1354 1843 1550 1884 Diodorus

242 1933 374 1972 omnia
408 1934 545 1973 leviter
580 1937 736 1973 tantum
764 1934 963 1985 attingens
992 1933 1273 1973 Timoleontem
1301 1933 1435 1972 statim
1464 1936 1551 1985 post

242 2024 432 2076 proelium
469 2024 616 2064 factum
653 2025 772 2064 citato
800 2025 939 2064 itinere
967 2024 1182 2077 Syracusas
1209 2024 1453 2064 contendisse
1481 2024 1550 2063 ait.

242 2112 357 2152 Diod.
400 2112 497 2166 cap,
541 2115 618 2164 68,
659 2114 681 2165 ξ
712 2115 781 2154 11;
811 2112 930 2162 τούτῳ
959 2112 996 2152 δὲ
1023 2112 1075 2162 τῷ
1104 2113 1401 2162 στρατηγήματι
1430 2109 1552 2161 ἕτερον

241 2201 455 2249 ἐπεισάγων
506 2208 749 2251 παραχρῆμα
799 2203 862 2241 ἐπὶ
912 2202 985 2248 τὰς
1031 2201 1277 2251 Συρακούσας
1319 2202 1551 2252 ὦφώρμησε,

239 2291 306 2332 xil
358 2291 532 2340 δρομαῖος
571 2294 641 2342 τὴν
680 2291 759 2332 ὁδὸν
798 2290 977 2338 διανύσας
1016 2292 1301 2342 ἀπροσδοκήτως
1341 2292 1550 2341 προσέπεσε

239 2387 327 2429 ταῖς
355 2380 638 2432 Συρακούσαις.
669 2382 955 2433 καταταχήσας
976 2383 1064 2430 τοὺς
1089 2383 1166 2424 ἀπὸ
1192 2388 1262 2430 τῆς
1288 2388 1427 2433 τροπῆς
1455 2355 1550 2433 φεύ-

236 2486 390 2520 γοντας.
432 2476 560 2511 ταῦτα
587 2473 657 2520 μὲν
685 2469 746 2513 οὖν
775 2472 954 2522 ἐπράχθη
982 2473 1087 2512 κατὰ
1116 2479 1248 2513 τοῦτον
1277 2475 1340 2514 τὸν
1370 2473 1548 2514 ἐνιαυτόν.
