<?xml version="1.0" encoding="UTF-8"?>
<!DOCTYPE html PUBLIC "-//W3C//DTD XHTML 1.0 Transitional//EN"
    "http://www.w3.org/TR/xhtml1/DTD/xhtml1-transitional.dtd">
<html xmlns="http://www.w3.org/1999/xhtml" xml:lang="en" lang="en">
 <head>
  <title>
</title>
<meta http-equiv="Content-Type" content="text/html;charset=utf-8" />
  <meta name='ocr-system' content='tesseract 3.04.00' />
  <meta name='ocr-capabilities' content='ocr_page ocr_carea ocr_par ocr_line ocrx_word'/>
</head>
<body>
  <div class='ocr_page' id='page_1' title='image "4738089_0030.png"; bbox 0 0 1785 2956; ppageno 0'>
   <div class='ocr_carea' id='block_1_1' title="bbox 833 248 880 285">
    <p class='ocr_par' dir='ltr' id='par_1_1' title="bbox 833 248 880 285">
     <span class='ocr_line' id='line_1_1' title="bbox 833 248 880 285; baseline 0.021 -1"><span class='ocrx_word' id='word_1_1' title='bbox 833 248 880 285; x_wconf 88' lang='lat'><strong>15</strong></span> 
     </span>
    </p>
   </div>
   <div class='ocr_carea' id='block_1_2' title="bbox 697 443 995 514">
    <p class='ocr_par' dir='ltr' id='par_1_2' title="bbox 697 443 995 514">
     <span class='ocr_line' id='line_1_2' title="bbox 697 443 995 514; baseline 0.01 -3"><span class='ocrx_word' id='word_1_2' title='bbox 697 443 872 513; x_wconf 74' lang='lat' dir='ltr'><strong>eAP.</strong></span> <span class='ocrx_word' id='word_1_3' title='bbox 913 472 995 514; x_wconf 87' lang='lat' dir='ltr'><strong>1x.</strong></span> 
     </span>
    </p>
   </div>
   <div class='ocr_carea' id='block_1_3' title="bbox 208 653 1513 1336">
    <p class='ocr_par' dir='ltr' id='par_1_3' title="bbox 208 653 1513 1336">
     <span class='ocr_line' id='line_1_3' title="bbox 266 653 1508 702; baseline -0.001 -10"><span class='ocrx_word' id='word_1_4' title='bbox 266 656 333 693; x_wconf 75' lang='grc' dir='ltr'><strong>καὶ</strong></span> <span class='ocrx_word' id='word_1_5' title='bbox 360 653 584 697; x_wconf 66' lang='grc' dir='ltr'><em>σπεύδοντες</em></span> <span class='ocrx_word' id='word_1_6' title='bbox 614 654 660 696; x_wconf 81' lang='grc' dir='ltr'><strong>ὥς</strong></span> <span class='ocrx_word' id='word_1_7' title='bbox 678 684 687 693; x_wconf 94' lang='grc'><strong>.</strong></span> <span class='ocrx_word' id='word_1_8' title='bbox 704 684 713 693; x_wconf 91' lang='grc'><strong>.</strong></span> <span class='ocrx_word' id='word_1_9' title='bbox 731 684 740 693; x_wconf 90' lang='grc'><strong>.</strong></span> <span class='ocrx_word' id='word_1_10' title='bbox 757 684 766 693; x_wconf 95' lang='grc'><strong>.</strong></span> <span class='ocrx_word' id='word_1_11' title='bbox 794 655 839 695; x_wconf 84' lang='grc' dir='ltr'><strong>τὸ</strong></span> <span class='ocrx_word' id='word_1_12' title='bbox 861 653 1030 700; x_wconf 69' lang='grc' dir='ltr'><strong>πέλαγος</strong></span> <span class='ocrx_word' id='word_1_13' title='bbox 1046 653 1286 699; x_wconf 55' lang='grc' dir='ltr'><strong>διοιτιῆκηέοντε,ἳ</strong></span> <span class='ocrx_word' id='word_1_14' title='bbox 1301 654 1508 702; x_wconf 77' lang='grc' dir='ltr'><em>ἐκομίζοντο</em></span> 
     </span>
     <span class='ocr_line' id='line_1_4' title="bbox 212 742 1508 792; baseline -0.002 -9"><span class='ocrx_word' id='word_1_15' title='bbox 212 742 317 792; x_wconf 71' lang='grc' dir='ltr'><strong>παρὰ</strong></span> <span class='ocrx_word' id='word_1_16' title='bbox 347 746 415 792; x_wconf 86' lang='grc' dir='ltr'><strong>τὴν</strong></span> <span class='ocrx_word' id='word_1_17' title='bbox 444 742 628 783; x_wconf 73' lang='grc' dir='ltr'><strong>Ἰταλίαν.</strong></span> <span class='ocrx_word' id='word_1_18' title='bbox 657 743 888 783; x_wconf 85' lang='lat' dir='ltr'><strong>Sintenisius</strong></span> <span class='ocrx_word' id='word_1_19' title='bbox 913 744 953 782; x_wconf 91' lang='lat' dir='ltr'><strong>in</strong></span> <span class='ocrx_word' id='word_1_20' title='bbox 980 744 1192 783; x_wconf 82' lang='lat' dir='ltr'>recentiore</span> <span class='ocrx_word' id='word_1_21' title='bbox 1220 743 1386 783; x_wconf 85' lang='lat' dir='ltr'><strong>editione</strong></span> <span class='ocrx_word' id='word_1_22' title='bbox 1408 743 1508 782; x_wconf 88' lang='lat' dir='ltr'><strong>hanc</strong></span> 
     </span>
     <span class='ocr_line' id='line_1_5' title="bbox 208 834 1510 886; baseline -0.001 -12"><span class='ocrx_word' id='word_1_23' title='bbox 208 835 388 874; x_wconf 84' lang='lat' dir='ltr'>lacunam</span> <span class='ocrx_word' id='word_1_24' title='bbox 429 834 634 884; x_wconf 84' lang='lat' dir='ltr'><strong>indicavit,</strong></span> <span class='ocrx_word' id='word_1_25' title='bbox 675 845 792 886; x_wconf 90' lang='lat' dir='ltr'><strong>quam</strong></span> <span class='ocrx_word' id='word_1_26' title='bbox 835 834 980 886; x_wconf 79' lang='lat' dir='ltr'><strong>recepit</strong></span> <span class='ocrx_word' id='word_1_27' title='bbox 1010 834 1228 873; x_wconf 88' lang='lat' dir='ltr'><strong>Bekkerus.</strong></span> <span class='ocrx_word' id='word_1_28' title='bbox 1257 834 1441 873; x_wconf 88' lang='lat' dir='ltr'><strong>Reiskius</strong></span> <span class='ocrx_word' id='word_1_29' title='bbox 1470 839 1510 874; x_wconf 88' lang='lat' dir='ltr'><strong>et</strong></span> 
     </span>
     <span class='ocr_line' id='line_1_6' title="bbox 214 924 1513 975; baseline 0 -12"><span class='ocrx_word' id='word_1_30' title='bbox 214 924 451 975; x_wconf 76' lang='lat' dir='ltr'><strong>antiquiores</strong></span> <span class='ocrx_word' id='word_1_31' title='bbox 478 925 626 962; x_wconf 88' lang='lat' dir='ltr'><strong>nullam</strong></span> <span class='ocrx_word' id='word_1_32' title='bbox 653 927 844 962; x_wconf 87' lang='lat' dir='ltr'><strong>noverunt</strong></span> <span class='ocrx_word' id='word_1_33' title='bbox 873 924 1074 974; x_wconf 81' lang='lat' dir='ltr'><strong>lacunam3</strong></span> <span class='ocrx_word' id='word_1_34' title='bbox 1104 924 1333 963; x_wconf 86' lang='lat' dir='ltr'><strong>Schaeferus</strong></span> <span class='ocrx_word' id='word_1_35' title='bbox 1349 925 1513 964; x_wconf 85' lang='lat' dir='ltr'><strong>Coraem</strong></span> 
     </span>
     <span class='ocr_line' id='line_1_7' title="bbox 210 1012 1513 1066; baseline -0.001 -13"><span class='ocrx_word' id='word_1_36' title='bbox 210 1016 365 1053; x_wconf 87' lang='lat' dir='ltr'><strong>secutus</strong></span> <span class='ocrx_word' id='word_1_37' title='bbox 393 1012 439 1058; x_wconf 82' lang='grc' dir='ltr'><strong>ὥς</strong></span> <span class='ocrx_word' id='word_1_38' title='bbox 468 1013 631 1064; x_wconf 84' lang='lat' dir='ltr'><strong>delevit,</strong></span> <span class='ocrx_word' id='word_1_39' title='bbox 662 1026 800 1066; x_wconf 87' lang='lat' dir='ltr'><strong>parum</strong></span> <span class='ocrx_word' id='word_1_40' title='bbox 827 1013 1045 1065; x_wconf 81' lang='lat' dir='ltr'><strong>commode,</strong></span> <span class='ocrx_word' id='word_1_41' title='bbox 1074 1018 1117 1053; x_wconf 90' lang='lat' dir='ltr'><strong>ut</strong></span> <span class='ocrx_word' id='word_1_42' title='bbox 1145 1014 1310 1054; x_wconf 86' lang='lat' dir='ltr'><strong>videtur.</strong></span> <span class='ocrx_word' id='word_1_43' title='bbox 1340 1013 1381 1055; x_wconf 83' lang='lat' dir='ltr'><strong>Si</strong></span> <span class='ocrx_word' id='word_1_44' title='bbox 1408 1017 1513 1053; x_wconf 87' lang='lat' dir='ltr'><strong>recte</strong></span> 
     </span>
     <span class='ocr_line' id='line_1_8' title="bbox 211 1101 1513 1155; baseline -0.001 -13"><span class='ocrx_word' id='word_1_45' title='bbox 211 1115 253 1142; x_wconf 87' lang='lat' dir='ltr'><strong>se</strong></span> <span class='ocrx_word' id='word_1_46' title='bbox 287 1103 405 1142; x_wconf 88' lang='lat' dir='ltr'><strong>habet</strong></span> <span class='ocrx_word' id='word_1_47' title='bbox 444 1102 644 1142; x_wconf 82' lang='lat' dir='ltr'><strong>Sintenisii</strong></span> <span class='ocrx_word' id='word_1_48' title='bbox 672 1104 810 1142; x_wconf 81' lang='lat' dir='ltr'><strong>lacuna</strong></span> <span class='ocrx_word' id='word_1_49' title='bbox 818 1101 831 1153; x_wconf 30' lang='lat'><strong>*,</strong></span> <span class='ocrx_word' id='word_1_50' title='bbox 859 1103 961 1155; x_wconf 90' lang='lat' dir='ltr'><strong>quod</strong></span> <span class='ocrx_word' id='word_1_51' title='bbox 989 1103 1163 1142; x_wconf 86' lang='lat' dir='ltr'><strong>codicum</strong></span> <span class='ocrx_word' id='word_1_52' title='bbox 1190 1103 1513 1155; x_wconf 86' lang='lat' dir='ltr'><strong>inspiciendorum</strong></span> 
     </span>
     <span class='ocr_line' id='line_1_9' title="bbox 212 1193 1513 1247; baseline 0.001 -15"><span class='ocrx_word' id='word_1_53' title='bbox 212 1193 437 1233; x_wconf 78' lang='lat' dir='ltr'><strong>facultatem</strong></span> <span class='ocrx_word' id='word_1_54' title='bbox 487 1193 722 1233; x_wconf 85' lang='lat' dir='ltr'><strong>habentibus</strong></span> <span class='ocrx_word' id='word_1_55' title='bbox 763 1193 1081 1247; x_wconf 88' lang='lat' dir='ltr'><strong>relinquendum,</strong></span> <span class='ocrx_word' id='word_1_56' title='bbox 1127 1198 1170 1233; x_wconf 93' lang='lat' dir='ltr'><strong>ut</strong></span> <span class='ocrx_word' id='word_1_57' title='bbox 1210 1195 1405 1234; x_wconf 85' lang='lat' dir='ltr'><strong>levissima</strong></span> <span class='ocrx_word' id='word_1_58' title='bbox 1445 1194 1513 1233; x_wconf 87' lang='lat' dir='ltr'><strong>fiat</strong></span> 
     </span>
     <span class='ocr_line' id='line_1_10' title="bbox 211 1285 1512 1336; baseline -0.001 -13"><span class='ocrx_word' id='word_1_59' title='bbox 211 1286 478 1336; x_wconf 84' lang='lat' dir='ltr'><strong>interpolatio,</strong></span> <span class='ocrx_word' id='word_1_60' title='bbox 521 1285 743 1324; x_wconf 79' lang='lat' dir='ltr'><strong>dubitanter</strong></span> <span class='ocrx_word' id='word_1_61' title='bbox 784 1286 970 1324; x_wconf 84' lang='lat' dir='ltr'><strong>coniicere</strong></span> <span class='ocrx_word' id='word_1_62' title='bbox 1011 1286 1155 1324; x_wconf 86' lang='lat' dir='ltr'><strong>ausim:</strong></span> <span class='ocrx_word' id='word_1_63' title='bbox 1195 1288 1258 1323; x_wconf 84' lang='grc' dir='ltr'><strong>καὶ</strong></span> <span class='ocrx_word' id='word_1_64' title='bbox 1290 1285 1512 1329; x_wconf 58' lang='lat' dir='ltr'><strong>naevum</strong></span> 
     </span>
    </p>
   </div>
   <div class='ocr_carea' id='block_1_4' title="bbox 210 1373 1089 1426">
    <p class='ocr_par' dir='ltr' id='par_1_4' title="bbox 210 1373 1089 1426">
     <span class='ocr_line' id='line_1_11' title="bbox 210 1373 1089 1426; baseline 0.005 -15"><span class='ocrx_word' id='word_1_65' title='bbox 210 1373 257 1418; x_wconf 78' lang='grc' dir='ltr'><strong>ὥς</strong></span> <span class='ocrx_word' id='word_1_66' title='bbox 284 1373 362 1412; x_wconf 73' lang='grc' dir='ltr'><strong>εἴοι</strong></span> <span class='ocrx_word' id='word_1_67' title='bbox 388 1373 430 1413; x_wconf 82' lang='grc' dir='ltr'><strong>τὸ</strong></span> <span class='ocrx_word' id='word_1_68' title='bbox 460 1373 630 1420; x_wconf 62' lang='grc' dir='ltr'><strong>πέλαγος</strong></span> <span class='ocrx_word' id='word_1_69' title='bbox 659 1373 899 1426; x_wconf 66' lang='grc' dir='ltr'><em>διαπλέοντες</em></span> <span class='ocrx_word' id='word_1_70' title='bbox 925 1389 960 1414; x_wconf 85' lang='grc' dir='ltr'><strong>κ.</strong></span> <span class='ocrx_word' id='word_1_71' title='bbox 988 1389 1023 1413; x_wconf 92' lang='grc' dir='ltr'><strong>τ.</strong></span> <span class='ocrx_word' id='word_1_72' title='bbox 1054 1382 1089 1415; x_wconf 82' lang='grc' dir='ltr'><strong>λ.</strong></span> 
     </span>
    </p>
   </div>
   <div class='ocr_carea' id='block_1_5' title="bbox 213 1553 1520 2420">
    <p class='ocr_par' dir='ltr' id='par_1_5' title="bbox 213 1553 1520 2420">
     <span class='ocr_line' id='line_1_12' title="bbox 265 1553 1515 1606; baseline 0.002 -14"><span class='ocrx_word' id='word_1_73' title='bbox 265 1553 473 1603; x_wconf 81' lang='grc' dir='ltr'><em>ἐκομίζοντο</em></span> <span class='ocrx_word' id='word_1_74' title='bbox 503 1553 608 1602; x_wconf 61' lang='grc' dir='ltr'><strong>παρὰ</strong></span> <span class='ocrx_word' id='word_1_75' title='bbox 636 1555 702 1599; x_wconf 74' lang='grc' dir='ltr'><strong>τὴν</strong></span> <span class='ocrx_word' id='word_1_76' title='bbox 732 1555 918 1597; x_wconf 66' lang='grc' dir='ltr'><strong>Ἰταλίαν.</strong></span> <span class='ocrx_word' id='word_1_77' title='bbox 948 1556 990 1595; x_wconf 79' lang='lat' dir='ltr'><strong>Si</strong></span> <span class='ocrx_word' id='word_1_78' title='bbox 1016 1556 1111 1595; x_wconf 86' lang='lat' dir='ltr'><strong>fides</strong></span> <span class='ocrx_word' id='word_1_79' title='bbox 1127 1556 1296 1595; x_wconf 87' lang='lat' dir='ltr'><strong>Diodoro</strong></span> <span class='ocrx_word' id='word_1_80' title='bbox 1312 1556 1375 1606; x_wconf 90' lang='lat' dir='ltr'><strong>(L.</strong></span> <span class='ocrx_word' id='word_1_81' title='bbox 1391 1554 1515 1605; x_wconf 87' lang='lat' dir='ltr'>XVI,</span> 
     </span>
     <span class='ocr_line' id='line_1_13' title="bbox 215 1643 1515 1697; baseline 0.001 -15"><span class='ocrx_word' id='word_1_82' title='bbox 215 1643 312 1695; x_wconf 84' lang='lat' dir='ltr'><strong>Cap.</strong></span> <span class='ocrx_word' id='word_1_83' title='bbox 357 1645 420 1694; x_wconf 88' lang='lat'><strong>66,</strong></span> <span class='ocrx_word' id='word_1_84' title='bbox 450 1646 490 1695; x_wconf 90' lang='lat'><strong>5)</strong></span> <span class='ocrx_word' id='word_1_85' title='bbox 520 1644 714 1684; x_wconf 82' lang='lat' dir='ltr'><strong>Corinthii</strong></span> <span class='ocrx_word' id='word_1_86' title='bbox 742 1645 882 1684; x_wconf 86' lang='lat' dir='ltr'><strong>Italiae</strong></span> <span class='ocrx_word' id='word_1_87' title='bbox 909 1646 1001 1684; x_wconf 93' lang='lat' dir='ltr'><strong>litus</strong></span> <span class='ocrx_word' id='word_1_88' title='bbox 1029 1647 1201 1697; x_wconf 88' lang='lat' dir='ltr'><strong>legentes</strong></span> <span class='ocrx_word' id='word_1_89' title='bbox 1231 1645 1515 1697; x_wconf 86' lang='lat' dir='ltr'><strong>Metapontium</strong></span> 
     </span>
     <span class='ocr_line' id='line_1_14' title="bbox 213 1736 1515 1787; baseline 0.001 -14"><span class='ocrx_word' id='word_1_90' title='bbox 213 1747 332 1773; x_wconf 80' lang='lat' dir='ltr'><strong>naves</strong></span> <span class='ocrx_word' id='word_1_91' title='bbox 373 1736 628 1786; x_wconf 90' lang='lat' dir='ltr'><strong>appulerunt,</strong></span> <span class='ocrx_word' id='word_1_92' title='bbox 671 1748 747 1787; x_wconf 91' lang='lat' dir='ltr'><strong>quo</strong></span> <span class='ocrx_word' id='word_1_93' title='bbox 790 1736 868 1774; x_wconf 85' lang='lat' dir='ltr'><strong>iam</strong></span> <span class='ocrx_word' id='word_1_94' title='bbox 909 1740 993 1774; x_wconf 91' lang='lat' dir='ltr'><strong>tum</strong></span> <span class='ocrx_word' id='word_1_95' title='bbox 1037 1736 1187 1774; x_wconf 82' lang='lat' dir='ltr'><strong>Punica</strong></span> <span class='ocrx_word' id='word_1_96' title='bbox 1231 1736 1399 1774; x_wconf 86' lang='lat' dir='ltr'><strong>triremis</strong></span> <span class='ocrx_word' id='word_1_97' title='bbox 1428 1748 1515 1774; x_wconf 85' lang='lat' dir='ltr'><strong>cum</strong></span> 
     </span>
     <span class='ocr_line' id='line_1_15' title="bbox 214 1824 1516 1876; baseline 0 -14"><span class='ocrx_word' id='word_1_98' title='bbox 214 1824 408 1875; x_wconf 86' lang='lat' dir='ltr'><strong>legatione</strong></span> <span class='ocrx_word' id='word_1_99' title='bbox 446 1824 826 1876; x_wconf 83' lang='lat' dir='ltr'><strong>Carthaginiensium</strong></span> <span class='ocrx_word' id='word_1_100' title='bbox 855 1825 1089 1864; x_wconf 85' lang='lat' dir='ltr'><strong>Timoleonti</strong></span> <span class='ocrx_word' id='word_1_101' title='bbox 1116 1826 1270 1864; x_wconf 88' lang='lat' dir='ltr'><strong>obviam</strong></span> <span class='ocrx_word' id='word_1_102' title='bbox 1297 1826 1414 1863; x_wconf 86' lang='lat' dir='ltr'><strong>missa</strong></span> <span class='ocrx_word' id='word_1_103' title='bbox 1445 1829 1516 1862; x_wconf 88' lang='lat' dir='ltr'><strong>est.</strong></span> 
     </span>
     <span class='ocr_line' id='line_1_16' title="bbox 216 1914 1517 1966; baseline 0 -13"><span class='ocrx_word' id='word_1_104' title='bbox 216 1914 356 1966; x_wconf 84' lang='lat' dir='ltr'><strong>Legati</strong></span> <span class='ocrx_word' id='word_1_105' title='bbox 396 1928 485 1954; x_wconf 90' lang='lat' dir='ltr'><strong>eum</strong></span> <span class='ocrx_word' id='word_1_106' title='bbox 526 1916 709 1956; x_wconf 84' lang='lat' dir='ltr'><strong>obtestati</strong></span> <span class='ocrx_word' id='word_1_107' title='bbox 751 1920 841 1955; x_wconf 85' lang='lat' dir='ltr'><strong>sunt</strong></span> <span class='ocrx_word' id='word_1_108' title='bbox 882 1921 936 1965; x_wconf 81' lang='grc' dir='ltr'><strong>μὴ</strong></span> <span class='ocrx_word' id='word_1_109' title='bbox 977 1915 1186 1965; x_wconf 66' lang='grc' dir='ltr'><em>κατάρχειν</em></span> <span class='ocrx_word' id='word_1_110' title='bbox 1227 1916 1393 1962; x_wconf 78' lang='grc' dir='ltr'><em>πολέμου</em></span> <span class='ocrx_word' id='word_1_111' title='bbox 1429 1915 1517 1962; x_wconf 67' lang='grc' dir='ltr'><strong>μηδ’</strong></span> 
     </span>
     <span class='ocr_line' id='line_1_17' title="bbox 216 2004 1517 2057; baseline 0.002 -15"><span class='ocrx_word' id='word_1_112' title='bbox 216 2004 426 2051; x_wconf 68' lang='grc' dir='ltr'><em>ἔπιβκίνειν</em></span> <span class='ocrx_word' id='word_1_113' title='bbox 469 2009 536 2050; x_wconf 74' lang='grc' dir='ltr'><strong>τῆς</strong></span> <span class='ocrx_word' id='word_1_114' title='bbox 580 2006 770 2050; x_wconf 65' lang='grc' dir='ltr'><strong><em>Σικελίας.</em></strong></span> <span class='ocrx_word' id='word_1_115' title='bbox 803 2006 891 2045; x_wconf 85' lang='lat' dir='ltr'><strong>Sed.</strong></span> <span class='ocrx_word' id='word_1_116' title='bbox 924 2006 1145 2056; x_wconf 86' lang='lat' dir='ltr'><strong>Timoleon,</strong></span> <span class='ocrx_word' id='word_1_117' title='bbox 1175 2006 1366 2057; x_wconf 88' lang='lat' dir='ltr'><strong>Rheginis</strong></span> <span class='ocrx_word' id='word_1_118' title='bbox 1393 2018 1517 2044; x_wconf 82' lang='lat' dir='ltr'><strong>arces-</strong></span> 
     </span>
     <span class='ocr_line' id='line_1_18' title="bbox 218 2096 1516 2149; baseline 0 -15"><span class='ocrx_word' id='word_1_119' title='bbox 218 2096 392 2135; x_wconf 89' lang='lat' dir='ltr'><strong>sentibus</strong></span> <span class='ocrx_word' id='word_1_120' title='bbox 422 2109 510 2136; x_wconf 91' lang='lat' dir='ltr'><strong>eum</strong></span> <span class='ocrx_word' id='word_1_121' title='bbox 538 2100 576 2135; x_wconf 88' lang='lat' dir='ltr'><strong>et</strong></span> <span class='ocrx_word' id='word_1_122' title='bbox 605 2097 828 2136; x_wconf 81' lang='lat' dir='ltr'><strong>societatem</strong></span> <span class='ocrx_word' id='word_1_123' title='bbox 855 2097 1146 2149; x_wconf 84' lang='lat' dir='ltr'><strong>pollicentibus,</strong></span> <span class='ocrx_word' id='word_1_124' title='bbox 1176 2097 1308 2135; x_wconf 88' lang='lat' dir='ltr'><strong>statim</strong></span> <span class='ocrx_word' id='word_1_125' title='bbox 1337 2096 1450 2135; x_wconf 87' lang='lat' dir='ltr'><strong>solvit</strong></span> <span class='ocrx_word' id='word_1_126' title='bbox 1467 2108 1516 2134; x_wconf 84' lang='lat' dir='ltr'><strong>ex</strong></span> 
     </span>
     <span class='ocr_line' id='line_1_19' title="bbox 219 2187 1519 2240; baseline 0.001 -15"><span class='ocrx_word' id='word_1_127' title='bbox 219 2191 334 2239; x_wconf 90' lang='lat' dir='ltr'><strong>portu</strong></span> <span class='ocrx_word' id='word_1_128' title='bbox 372 2191 411 2226; x_wconf 89' lang='lat' dir='ltr'><strong>et</strong></span> <span class='ocrx_word' id='word_1_129' title='bbox 441 2187 749 2240; x_wconf 87' lang='lat' dir='ltr'><strong>primoquoque</strong></span> <span class='ocrx_word' id='word_1_130' title='bbox 777 2192 951 2240; x_wconf 87' lang='lat' dir='ltr'><strong>tempore</strong></span> <span class='ocrx_word' id='word_1_131' title='bbox 977 2188 1173 2240; x_wconf 87' lang='lat' dir='ltr'><strong>Rhegium</strong></span> <span class='ocrx_word' id='word_1_132' title='bbox 1203 2191 1336 2240; x_wconf 89' lang='lat' dir='ltr'><strong>petere</strong></span> <span class='ocrx_word' id='word_1_133' title='bbox 1363 2191 1519 2226; x_wconf 84' lang='lat' dir='ltr'><strong>conten·</strong></span> 
     </span>
     <span class='ocr_line' id='line_1_20' title="bbox 220 2277 1520 2331; baseline 0 -15"><span class='ocrx_word' id='word_1_134' title='bbox 220 2277 299 2328; x_wconf 90' lang='lat' dir='ltr'><strong>dit,</strong></span> <span class='ocrx_word' id='word_1_135' title='bbox 343 2290 537 2316; x_wconf 89' lang='lat' dir='ltr'><strong>rumorem</strong></span> <span class='ocrx_word' id='word_1_136' title='bbox 578 2277 768 2317; x_wconf 79' lang='lat' dir='ltr'><strong>adventus</strong></span> <span class='ocrx_word' id='word_1_137' title='bbox 810 2280 869 2317; x_wconf 93' lang='lat' dir='ltr'><strong>sui</strong></span> <span class='ocrx_word' id='word_1_138' title='bbox 910 2292 1098 2331; x_wconf 84' lang='lat' dir='ltr'><strong>occupare</strong></span> <span class='ocrx_word' id='word_1_139' title='bbox 1142 2278 1321 2328; x_wconf 84' lang='lat' dir='ltr'><strong>studens3</strong></span> <span class='ocrx_word' id='word_1_140' title='bbox 1353 2291 1520 2330; x_wconf 87' lang='lat' dir='ltr'><strong>namque</strong></span> 
     </span>
     <span class='ocr_line' id='line_1_21' title="bbox 220 2367 1520 2420; baseline -0.001 -13"><span class='ocrx_word' id='word_1_141' title='bbox 220 2367 428 2407; x_wconf 85' lang='lat' dir='ltr'><strong>verebatur</strong></span> <span class='ocrx_word' id='word_1_142' title='bbox 469 2367 696 2418; x_wconf 88' lang='lat' dir='ltr'><strong>admodum,</strong></span> <span class='ocrx_word' id='word_1_143' title='bbox 741 2381 790 2407; x_wconf 90' lang='lat' dir='ltr'><strong>ne</strong></span> <span class='ocrx_word' id='word_1_144' title='bbox 814 2368 940 2417; x_wconf 33' lang='lat' dir='ltr'><strong>‚Poeni</strong></span> <span class='ocrx_word' id='word_1_145' title='bbox 967 2368 1172 2407; x_wconf 82' lang='lat' dir='ltr'><strong>navalibus</strong></span> <span class='ocrx_word' id='word_1_146' title='bbox 1199 2368 1318 2420; x_wconf 84' lang='lat' dir='ltr'><strong>copiis</strong></span> <span class='ocrx_word' id='word_1_147' title='bbox 1345 2367 1520 2407; x_wconf 82' lang='lat' dir='ltr'><strong>valentes</strong></span> 
     </span>
    </p>
   </div>
   <div class='ocr_carea' id='block_1_6' title="bbox 219 2458 1018 2510">
    <p class='ocr_par' dir='ltr' id='par_1_6' title="bbox 219 2458 1018 2510">
     <span class='ocr_line' id='line_1_22' title="bbox 219 2458 1018 2510; baseline 0.001 -14"><span class='ocrx_word' id='word_1_148' title='bbox 219 2471 260 2497; x_wconf 91' lang='lat' dir='ltr'><strong>se</strong></span> <span class='ocrx_word' id='word_1_149' title='bbox 287 2459 456 2497; x_wconf 84' lang='lat' dir='ltr'><strong>transitu</strong></span> <span class='ocrx_word' id='word_1_150' title='bbox 484 2459 524 2496; x_wconf 90' lang='lat' dir='ltr'><strong>in</strong></span> <span class='ocrx_word' id='word_1_151' title='bbox 554 2458 724 2497; x_wconf 84' lang='lat' dir='ltr'><strong>Siciliam</strong></span> <span class='ocrx_word' id='word_1_152' title='bbox 755 2458 1018 2510; x_wconf 87' lang='lat' dir='ltr'><strong>prohiberent.</strong></span> 
     </span>
    </p>
   </div>
  </div>
 </body>
</html>
