1785 2956
882 265 905 302 5

238 403 406 452 auxilia,
442 415 541 454 quae
568 403 608 440 in
637 401 839 453 gentilium
866 401 1033 452 gratiam
1061 404 1318 453 paraverant,
1347 413 1424 439 non
1450 399 1538 438 mit-

201 496 203 498 ’
238 495 321 531 tere
348 492 613 531 decreverunt.

288 672 526 722 Φοβηθέντες
562 672 592 711 οἱ
636 674 863 711 Σικελιῶται
904 670 1109 720 πρεσβείαν
1138 670 1334 717 ἐβούλοντο
1369 670 1532 717 πέμπειν

236 764 288 808 εἱ,-
315 764 382 808 την
405 764 579 802 Ἑλλάδα
607 766 671 802 καὶ
699 763 803 811 παρὰ
831 762 1025 810 Κορινθίων
1047 762 1230 809 βοήθειαν
1245 763 1377 802 αἰτεῖν.
1394 763 1535 803 Sohae-

237 855 340 893 ferus
377 858 557 894 annotat:
602 853 880 904 „Scribendum
917 866 999 893 esse
1029 852 1267 900 ἐβουλεύοντο
1295 854 1426 906 plures
1456 867 1536 894 mo-

234 947 441 985 nuerunt.'’
472 946 723 984 Sintenisius:
757 946 941 994 „fortasse
956 948 1128 995 praestat
1145 942 1423 994 ἐβουλεύοντο,”
1442 958 1533 984 ean-

235 1036 399 1088 demque
448 1035 755 1075 emendationem
794 1034 932 1073 tribuit
974 1033 1165 1073 Fabricio.
1203 1034 1323 1073 Haud
1365 1035 1535 1075 absurda

233 1126 386 1164 videtur
429 1126 613 1175 mutatio,
642 1138 741 1176 quae
768 1126 800 1163 si
827 1125 899 1163 hoc
926 1125 1009 1163 loco
1036 1125 1255 1173 inferenda,
1288 1126 1537 1177 cogitandum

235 1228 286 1254 an
316 1215 410 1267 Cap.
440 1214 590 1254 XVIII
618 1215 702 1254 init.
732 1214 977 1254 scribendum
1005 1215 1054 1256 sit
1077 1209 1102 1253 ἃ
1119 1215 1160 1260 δη
1176 1218 1390 1265 συνορῶντες
1405 1217 1435 1256 οἱ
1451 1219 1535 1266 περὶ

233 1305 295 1344 τὸν
335 1308 510 1351 Μάγωνα
553 1308 617 1343 καὶ
644 1305 705 1344 τὸν
736 1304 877 1349 Ἱκέτην
905 1304 1234 1353 ἐβουλεύοντο
1262 1309 1329 1356 τὴν
1359 1307 1534 1352 Κατάνην

234 1396 351 1439 ἑλεῖν,
395 1410 464 1447 pro
508 1395 717 1443 ἐβούλοντο.
745 1419 796 1427 -
825 1397 886 1436 De
913 1410 955 1437 re
982 1398 1029 1437 cf.
1061 1398 1174 1438 Diod.
1206 1399 1253 1439 L.
1283 1399 1406 1450 XVI,
1437 1400 1533 1453 Cap.

234 1489 305 1538 65,
352 1489 392 1527 1:
436 1488 548 1525 Κατὰ
588 1486 663 1535 γὰρ
701 1490 769 1536 τὴν
797 1486 977 1526 Σικελίαν
1006 1490 1224 1536 Συρακόσιοι
1255 1489 1320 1541 (de
1349 1489 1423 1529 hac
1451 1491 1534 1530 nola

233 1578 403 1629 genuina
460 1579 583 1617 forma
625 1578 812 1628 nomi-nis,
853 1592 971 1630 quam
1010 1579 1051 1618 in
1093 1579 1305 1620 Plutarcho
1347 1588 1536 1634 spernunt

233 1669 464 1709 Sintenisius
505 1673 544 1708 et
572 1668 799 1720 Bekkerus,
829 1669 956 1709 dicere
984 1670 1242 1723 supersedeo),
1266 1670 1532 1723 στασιάζοντες

231 1761 318 1808 πρὸ;
345 1760 536 1805 οὶλληλου,·
564 1762 629 1799 καὶ
656 1760 840 1808 τυραννίσι
870 1764 1034 1806 πολλαῖς
1059 1764 1123 1799 καὶ
1148 1763 1335 1808 ποικίλαις
1349 1763 1532 1804 δουλεύειν

230 1850 552 1900 ἀναγκαζόμενοι.
584 1850 760 1898 πρέσβεις
790 1850 1015 1901 ἐξέπεμψαν
1043 1852 1096 1897 εἷς
1123 1851 1317 1901 Κόρινθον,
1344 1853 1532 1901 ἀξιοῦντες

227 1941 354 1985 αὐτοῖς
383 1940 609 1979 ἀποστεῖλαι
638 1942 850 1989 στρατηγὸν
879 1942 941 1981 τὸν
970 1940 1287 1990 ἐπιμελησόμενον
1303 1948 1370 1990 τῆ,-
1386 1945 1529 1992 πόλεως

227 2035 292 2069 καὶ
321 2030 589 2078 καταλύσοντα
618 2035 685 2081 τὴν
700 2034 774 2071 τῶν
790 2036 975 2080 τυραννεῖν
992 2032 1277 2080 ἐπιβαλομένων
1293 2036 1527 2084 πλεονεξίαν.

278 2391 331 2440 εἷ,-
380 2396 420 2433 ἐκ
457 2397 527 2433 τῶν
569 2396 721 2434 πολλῶν
761 2394 931 2440 αναστὰς
973 2395 1142 2442 ὠνόμασε
1182 2396 1421 2444 Τιμολέοντα
1462 2398 1527 2439 τὸν

226 2485 456 2533 Τιμοδήμου.
498 2487 620 2526 Aliud
656 2491 715 2527 est
742 2500 882 2527 nomen
909 2487 1032 2539 patris
1060 2487 1164 2540 apud
1193 2488 1419 2530 Diodorum.
1451 2491 1529 2532 Hic
