1785 2956
834 254 883 290 63

204 395 245 432 in
278 392 543 440 Timoleonta,
572 367 672 428 dixit
700 402 803 427 nune
830 389 985 427 demum
1013 403 1053 428 se
1068 391 1147 428 voti
1163 404 1245 429 esse
1260 390 1506 429 damnatum:

208 495 377 533 namque
420 481 492 520 hoc
535 494 557 519 a
598 480 671 519 diis
711 479 994 519 immortalibus
1034 494 1185 533 semper
1211 485 1434 533 precatum,
1464 484 1508 519 ut

206 574 326 614 talem
369 571 591 611 libertatem
633 570 857 610 restitueret
900 569 1172 623 Syracusanis,
1211 571 1251 609 in
1281 584 1358 623 qua
1379 571 1507 610 cuivis

205 665 367 713 liceret,
397 662 443 700 de
472 674 548 713 quo
574 662 719 711 vellet,
747 662 905 713 impune
934 661 1098 700 dicere.'’

263 753 365 798 Quid
410 765 506 803 opus
537 756 616 801 est,
648 752 680 789 si
708 752 802 789 haee
834 752 965 790 omnia
994 752 1146 790 easdem
1174 766 1235 790 res
1265 752 1400 791 iisdem
1428 755 1507 792 fere

210 842 338 883 verbis
382 842 542 880 vestitas
584 840 791 880 lectoribus
831 841 1085 893 proponentia
1114 841 1215 880 inter
1243 854 1283 880 se
1311 854 1506 894 compara-

209 935 332 983 veris,
373 933 506 971 multis
549 932 812 971 demonstrare
852 932 893 970 in
931 931 1003 971 hae
1035 933 1172 971 saltem
1200 936 1311 984 parte
1338 933 1442 972 vitae
1469 937 1508 972 et

207 1024 392 1063 Latinum
422 1025 461 1061 et
484 1021 678 1061 Graecum
688 1022 919 1074 scriptorem
934 1035 984 1061 ex
999 1022 1193 1061 communi
1208 1023 1334 1073 fonte,
1350 1022 1508 1062 Timaeo

207 1117 251 1152 ut
279 1112 454 1160 videtur,
483 1111 688 1161 diligenter
716 1115 755 1149 et
784 1111 916 1149 sedulo
943 1111 1146 1149 hausisse?

261 1292 327 1341 ἠδη
359 1290 609 1339 πρεσβύτερος
639 1289 685 1329 ὢν
713 1289 973 1338 ἀπημβλννὲη
1003 1293 1070 1339 τὴν
1100 1289 1182 1338 ὄψιν
1211 1304 1245 1329 κ.
1274 1304 1309 1329 τ.
1339 1299 1376 1330 λ.
1406 1290 1508 1342 Nep.

212 1383 307 1435 Cap.
351 1383 411 1421 IV
452 1383 557 1420 init.:
606 1382 707 1431 „Hie
748 1395 836 1420 cum
879 1385 1008 1420 aetate
1045 1381 1123 1420 iam
1153 1385 1358 1432 provectus
1386 1385 1508 1431 esset,

210 1474 293 1512 sine
339 1474 419 1512 ullo
447 1473 581 1512 morbo
609 1473 757 1512 lumina
784 1473 981 1511 oculorum
1010 1471 1178 1510 amisit.'’
1208 1494 1257 1500 —
1287 1471 1333 1514 ὥς
1362 1470 1509 1509 δ’ἐπαιν-

206 1561 323 1611 ἢλθεν
363 1564 415 1606 εἷς
445 1561 687 1609 Συρακαύσας
716 1561 829 1605 εὐθὺς
858 1560 1076 1600 ἀποθέσθαι
1105 1561 1171 1606 τὴν
1192 1560 1401 1609 μοναρχίαν
1429 1560 1508 1599 κτὲ.

214 1653 314 1705 Nep.
348 1653 563 1708 CapsIII,
592 1654 613 1703 ξ
642 1655 686 1691 4:
723 1653 847 1702 „Cum
874 1653 994 1691 tantis
1022 1657 1121 1692 esset
1152 1652 1309 1704 opibus,
1333 1656 1376 1690 ut
1391 1652 1510 1690 etiam

212 1743 345 1782 invitis
388 1743 578 1795 imperare
619 1747 767 1795 posset,
808 1747 961 1783 tantum
988 1747 1125 1782 autum
1153 1755 1322 1782 amorem
1350 1741 1510 1780 haberet

209 1834 380 1872 omnium
414 1833 655 1884 Siculorum,
686 1838 730 1872 ut
758 1834 865 1872 nullo
892 1838 1096 1873 recusante
1122 1847 1286 1885 regnum
1315 1833 1510 1883 obtinere,

214 1924 351 1962 maluit
396 1936 436 1962 se
464 1923 572 1975 diligi
601 1936 717 1975 quam
745 1924 877 1964 metui.
907 1923 1047 1976 Itaque
1075 1937 1162 1963 eum
1190 1925 1358 1977 primum
1386 1925 1511 1976 potuit

211 2014 418 2065 imperium
457 2014 654 2065 deposuit,
683 2027 728 2053 ao
757 2015 932 2071 priyatus
961 2014 1162 2067 Syracusis
1190 2015 1292 2066 quod
1319 2015 1511 2066 reliquum

214 2104 319 2142 vitae
349 2104 423 2142 fuit
452 2105 577 2143 vixit’'
606 2117 639 2143 e.
668 2118 705 2156 q.
734 2119 764 2143 s,

633 2285 775 2324 OAP.
813 2285 1108 2324 XXXVIII.

269 2471 401 2509 ἐκεῖνον
432 2469 499 2517 μὲν
530 2463 588 2508 οὖν
619 2467 729 2509 αὐτὸν
759 2467 1011 2515 ὑπομείναντα
1040 2469 1106 2516 τὴν
1135 2465 1332 2517 συμφορὰν
1357 2467 1511 2515 ἀλύπως
