1785 2956
867 253 916 288 44

238 386 375 425 sortito
416 388 502 439 capi
544 388 698 438 iubeat,
729 388 832 440 quod
860 388 965 440 apud
994 389 1080 427 illos
1107 388 1389 441 amplissimum
1417 400 1544 427 sacer-

238 475 388 515 dotium
430 481 614 528 putatur3
656 491 744 516 cum
775 479 970 530 suffragiis
998 482 1077 517 tres
1106 492 1157 517 ex
1184 478 1310 516 tribus
1337 477 1544 529 generibus

237 567 357 604 creati
385 571 496 617 sunt,
527 580 589 606 res
617 572 820 606 revocatur
848 568 898 606 ad
925 569 1107 606 sortem.''

289 744 372 789 voi),-
400 745 437 783 δὲ
466 745 546 793 περὶ
579 746 787 794 Δείνκρχον
816 749 882 784 καὶ
913 750 1132 794 Δημάρετον
1150 747 1202 791 εἷς
1218 749 1285 795 τὴν
1299 747 1371 784 τῶν
1389 750 1544 793 Καρχη-

235 833 355 872 δονίων
395 835 569 883 ἔπεμψεν
596 837 834 884 ἐπικράτειαν
863 837 942 875 κτὲ.
973 837 1034 876 Of.
1065 838 1180 876 Diod.
1213 838 1307 889 Gap.
1341 839 1413 887 73,
1444 839 1465 887 ἓ
1499 839 1542 875 1;

240 923 437 973 „Pecunia
476 939 595 978 egens
623 923 672 966 ad
697 927 933 979 stipendium
963 927 1211 967 mercenariis
1239 927 1542 979 persolvendum

237 1013 279 1051 M
321 1015 464 1054 milites
506 1028 594 1055 cum
624 1016 870 1068 peritissimis
899 1016 1062 1055 ducibus
1090 1017 1131 1055 in
1160 1015 1545 1068 Carthaginiensium

236 1106 476 1155 provinciam
519 1107 636 1144 misit.
679 1107 744 1144 Illi
787 1108 956 1145 multum
997 1107 1083 1157 agri
1123 1106 1348 1157 depopulati
1376 1107 1546 1157 opimam

237 1193 420 1246 praedam
464 1198 650 1247 ceperunt
679 1198 717 1235 et
744 1195 980 1235 Timoleonti
1009 1194 1265 1234 tradiderunt.
1296 1194 1373 1240 Qui
1401 1194 1546 1247 praeda

236 1283 435 1322 divendita
461 1298 507 1323 ac
536 1298 681 1337 magna
707 1285 872 1338 pecunia
899 1297 950 1324 ex
980 1297 1027 1324 ea
1056 1284 1215 1324 redacta
1232 1284 1423 1324 militibus
1438 1284 1545 1337 longi

235 1376 421 1426 temporis
470 1377 707 1427 stipendium
757 1377 990 1416 numeravit.
1043 1377 1153 1415 Idem
1203 1376 1345 1427 oppido
1386 1376 1543 1414 Entella

235 1465 403 1517 potituS‚
445 1465 667 1507 hominibus
708 1467 810 1518 XV,
848 1467 915 1520 qui
943 1466 1114 1506 maxime
1142 1478 1231 1506 cum
1257 1465 1401 1506 Poenis
1428 1464 1542 1505 facie·

234 1556 351 1607 bant,
380 1558 592 1597 interfectis
621 1559 780 1610 reliquis
806 1558 1029 1597 libertatem
1054 1557 1252 1597 concessit.
1269 1556 1333 1596 Ita
1346 1558 1543 1595 crescente

233 1646 399 1686 indies
442 1647 695 1688 Timoleontis
737 1648 914 1700 potentia
954 1651 993 1686 et
1035 1647 1175 1686 bellica
1212 1646 1327 1686 laude
1369 1645 1543 1685 Graecae

233 1736 349 1774 urbes
389 1737 429 1775 in
471 1737 599 1776 insula
641 1738 772 1776 Sicilia
809 1738 859 1776 ad
888 1730 1007 1776 unam
1037 1749 1170 1776 omnes
1197 1737 1363 1776 libenter
1391 1748 1475 1775 sese
1501 1736 1542 1774 in

235 1828 340 1866 illius
392 1828 509 1866 fidem
550 1832 589 1867 et
628 1829 794 1868 tutelam
836 1829 1122 1880 permiserunt3
1164 1828 1283 1867 etiam
1324 1827 1542 1866 Sicularum

210 1972 212 1974 ι
237 1918 545 1970 Sicanarumque
571 1922 610 1957 et
639 1919 901 1970 reliquarum,
931 1930 1031 1970 quae
1060 1917 1131 1956 sub
1160 1917 1379 1957 Poenorum
1393 1917 1543 1957 dicione

232 2013 383 2058 essent,
425 2010 573 2048 multae
602 2022 671 2060 per
699 2010 849 2060 legatos
879 2022 967 2047 cum
997 2021 1043 2048 eo
1070 2012 1257 2059 egerunt,
1284 2011 1328 2047 ut
1358 2009 1398 2047 in
1427 2009 1543 2048 socie-

231 2103 353 2138 tatem
382 2100 703 2138 asciscerentur.''

730 2279 869 2318 CAP.
907 2279 1059 2318 XXV.

281 2462 317 2499 ἐν
344 2464 467 2510 τούτῳ
492 2461 529 2499 δὲ
554 2460 799 2509 Καρχηδόνιοι
818 2458 1098 2498 καταπλέουσιν
1114 2460 1165 2503 εἷ,-
1180 2459 1221 2498 ‘rb
1238 2458 1448 2505 Λιλύβαιον
1463 2458 1541 2496 κτὲ.
