1785 2956
875 290 926 327 24

295 425 442 464 Contra
468 424 683 464 Plutarcho
711 428 869 464 auctore
898 425 1024 477 prima
1038 426 1143 465 facta
1156 430 1215 465 est
1230 426 1374 465 deditio
1389 426 1548 465 Insulae

241 515 356 568 (Cap.
407 514 556 565 XIII),
598 518 683 553 tum
725 515 870 566 exigua
911 528 1050 555 manus
1093 515 1406 566 Corinthiorum,
1448 527 1549 568 quae

241 605 377 645 Neone
416 604 514 644 duce
541 605 621 644 arci
651 604 887 656 Insulaeque
915 605 1108 656 praesidio
1139 609 1243 655 erat,
1273 609 1431 658 propter
1461 605 1548 644 hos-

241 696 341 736 tium
390 695 604 735 socordiam
644 695 849 747 repentina
893 696 1097 747 eruptione
1136 696 1241 735 facta
1282 696 1548 735 Achradinam

241 788 406 838 occupat
432 784 546 838 (Cap.
576 785 766 836 XVIII),
797 785 955 825 tandem
985 789 1073 837 post
1102 785 1314 825 discessum
1343 785 1547 837 Magonis,

242 875 353 914 ducis
394 874 641 925 Poenorum,
685 874 886 914 Timoleon
928 875 1187 914 auxiliaribus
1214 888 1236 914 e
1263 875 1391 926 patria
1419 874 1546 913 missis

240 968 379 1004 auctus
418 969 457 1004 et
500 964 750 1003 confirmatus
791 965 961 1015 reliquas
1004 964 1111 1003 urbis
1152 969 1304 1016 partes,
1343 963 1548 1016 Neapolim

240 1069 330 1097 cum
358 1043 495 1108 Tycha
522 1059 561 1094 et
586 1054 763 1107 Epipolis
778 1084 789 1104 ,
819 1055 1019 1107 tripartito
1046 1055 1205 1094 adortus
1220 1055 1383 1094 feliciter
1399 1067 1550 1106 expug-

239 1149 337 1198 nat,
378 1146 487 1186 nullo
529 1158 580 1186 ex
624 1158 782 1185 suorum
819 1158 982 1186 numero
1017 1146 1221 1186 interfecto
1248 1149 1317 1185 aut
1344 1146 1549 1185 vulnerato

241 1236 357 1289 (Gap.
389 1236 523 1286 XXI).

294 1326 372 1371 Qui
399 1325 624 1379 praeferunt
651 1326 914 1365 narrationem
944 1325 1174 1376 Plutarchi,
1204 1339 1266 1366 me
1295 1326 1421 1365 iudice
1446 1329 1551 1365 recte

240 1416 401 1456 faciunt.
442 1415 548 1455 Nam
589 1416 703 1455 facile
743 1419 803 1455 est
832 1415 985 1466 videre,
1016 1416 1131 1455 huius
1159 1416 1393 1455 narrationis
1420 1419 1552 1468 partes

238 1510 322 1546 tam
361 1509 447 1545 arte
487 1506 590 1545 inter
632 1518 672 1544 se
713 1505 942 1556 cohaerere,
985 1509 1029 1544 ut
1070 1506 1103 1544 si
1132 1506 1290 1545 Insulae
1318 1504 1552 1546 deditionem

240 1596 408 1650 primam
448 1596 593 1635 factam
632 1608 716 1636 esse
756 1596 985 1648 negaveris,
1015 1595 1250 1636 credendum
1278 1596 1350 1636 tibi
1379 1596 1428 1636 sit
1459 1609 1552 1636 auc-

241 1690 366 1726 torem
404 1687 446 1726 in
472 1686 725 1739 sequentibus
753 1686 933 1726 omnibus
961 1690 1030 1725 aut
1057 1699 1187 1725 errare
1214 1691 1283 1726 aut
1310 1686 1358 1726 de
1385 1700 1454 1726 suo
1481 1686 1552 1725 fin·

240 1790 344 1829 gere.
386 1777 452 1816 Ex
492 1790 539 1816 ea
578 1776 772 1816 deditione
816 1777 946 1816 omnia
974 1776 1168 1829 pendent3
1196 1789 1289 1815 nam
1318 1789 1369 1816 ex
1398 1789 1486 1816 arce
1513 1780 1552 1816 et

241 1868 378 1907 Insula
414 1867 540 1919 primo
567 1865 795 1905 Achradina
822 1869 937 1918 capta
965 1870 1048 1916 est,
1077 1870 1212 1918 postea
1240 1867 1482 1906 Timoleonte
1511 1867 1552 1905 in

240 1958 410 2010 reliquas
438 1956 545 1996 urbis
574 1959 705 2008 partes
733 1956 924 1995 trifariam
953 1956 1144 2008 impetum
1175 1956 1341 1996 faciente
1369 1969 1448 1995 una
1462 1970 1553 2009 pars

242 2048 462 2101 copiarum,
513 2047 594 2086 Isia
646 2047 848 2087 Corinthio
899 2046 1017 2097 duce,
1060 2060 1112 2086 ex
1154 2047 1382 2087 Achradina
1423 2048 1553 2087 hostes

241 2138 496 2191 oppugnavit.
538 2159 589 2167 —
630 2136 673 2177 Si
713 2137 929 2177 Diodorum
971 2137 1210 2190 inspexeris,
1253 2151 1371 2190 quam
1413 2151 1552 2191 parum

241 2228 324 2267 veri
365 2228 491 2267 simile
531 2230 613 2278 est,
654 2226 938 2267 Timoleontem
984 2239 1073 2266 cum
1116 2227 1236 2280 copiis
1276 2230 1315 2267 et
1343 2227 1483 2267 itinere
1512 2232 1552 2268 et

242 2318 389 2369 proelio
416 2318 591 2369 fatigatis
618 2321 859 2367 παραχρῆμα
874 2319 938 2356 ἐπὶ
953 2317 1026 2362 τας
1040 2320 1284 2366 Συρακούσας
1299 2318 1548 2367 ἐφορμῆσαι,

244 2420 412 2461 eumque
450 2407 622 2457 δρομαῖον
662 2409 731 2457 τὴν
768 2407 845 2448 ὁδὸν
873 2407 1104 2447 διανύσαντα
1132 2407 1412 2457 ἀπροσδοκήτως
1443 2423 1554 2458 προσ-

245 2502 374 2536 πεσεῖν
417 2501 502 2544 ταῖς
545 2496 802 2546 Συρακούσαις
845 2499 910 2549 (cf.
955 2498 1038 2551 Cap
1079 2500 1151 2548 68,
1197 2501 1218 2549 ξ
1264 2500 1342 2549 11).
1385 2499 1553 2539 Omnino
