1785 2956
870 278 920 316 36

235 415 373 466 laeque
401 414 593 467 praesidio
621 418 745 453 erant.
774 414 960 465 Legimus
989 414 1085 466 Cap.
1109 414 1234 465 XVI,
1250 415 1319 454 hos
1336 414 1386 454 ab
1402 414 1545 454 Hiceta

234 504 402 543 obsideri
444 508 741 557 commeatuque
782 505 991 543 intercludi
1026 506 1154 563 (σῖτον.
1185 503 1343 543 ἐκώλυεν
1372 505 1544 543 εἰσπλεῖν

232 598 310 637 τοῖς
338 595 566 646 Κορινθίοις).
595 595 715 634 Initio
743 596 859 634 huius
888 596 1026 647 capitis
1055 599 1237 635 narratur
1265 595 1466 634 Timoleon
1494 608 1545 634 ex

235 684 376 736 oppido
405 684 557 724 Catana
583 685 722 724 lembis
752 684 981 737 cymbisque
1010 685 1249 724 frumentum
1278 684 1544 724 laborantibus

233 775 313 812 suis
356 776 612 814 summittere.
659 775 755 814 Post
784 775 879 814 duos
908 788 1042 814 versus
1069 779 1284 827 sequuntur
1313 776 1428 814 haec:
1459 775 1545 820 Quo

232 865 335 903 facto
378 865 497 917 Mago
538 870 577 905 et
619 866 782 905 Hicetas
824 867 1026 906 eonsilium
1068 869 1254 918 ceperunt
1281 866 1389 916 (nam
1416 866 1544 918 placet

231 955 345 994 lectio
373 955 613 1002 ἐβουλεύοντο
644 969 714 1009 pro
743 955 959 1005 ἐβοιΐλοντο,
990 960 1034 995 ut
1062 956 1277 1008 significavi
1301 956 1351 996 ad
1366 956 1461 1008 Cap.
1480 955 1542 1006 II)

232 1044 406 1084 Catanae
433 1046 740 1097 expugnandae,
769 1046 812 1092 ἐξ
840 1043 881 1090 ἧς
912 1045 1018 1084 ἔπλει
1049 1047 1276 1091 τὲᾰι-[τήδειοι
1304 1050 1382 1090 ἰὀῖ,ι
1399 1054 1542 1093 πολιορ-

229 1134 429 1182 κουμένοι,·.
476 1135 619 1175 Odiosa
662 1140 701 1175 et
743 1137 907 1175 molesta
944 1137 1039 1176 mihi
1067 1136 1220 1176 videtur
1249 1137 1428 1189 repetitio
1458 1137 1541 1176 eius

227 1226 305 1276 rei,
334 1239 452 1278 quam
481 1228 748 1280 unusquisque
775 1229 895 1267 lector
924 1242 1001 1268 non
1031 1241 1189 1280 prorsus
1217 1229 1312 1267 alias
1340 1241 1401 1267 res
1421 1241 1539 1279 agens

228 1330 279 1356 ex
306 1318 483 1369 proxime
514 1317 834 1369 praecedentibus
865 1319 998 1357 statim
1027 1319 1207 1370 colligere
1236 1319 1369 1370 possit.
1399 1318 1539 1370 Itaque

226 1421 272 1447 ea
313 1421 383 1447 sex
430 1408 550 1447 verba
592 1422 615 1448 a
655 1409 799 1448 lectore
826 1409 957 1461 aliquo
985 1409 1160 1461 profecta
1187 1413 1226 1448 et
1253 1410 1294 1448 in
1321 1409 1537 1461 marginem

224 1511 308 1537 esse
351 1499 562 1550 releganda
602 1499 796 1537 videntur.
840 1498 952 1543 Quod
993 1499 1026 1537 si
1068 1499 1168 1538 forte
1208 1500 1324 1537 nimis
1352 1499 1536 1538 audacter

224 1591 437 1639 novatum,
469 1601 517 1627 ea
547 1588 667 1627 verba
694 1601 770 1627 non
799 1588 849 1627 ad
877 1601 1034 1627 sensum
1063 1588 1279 1628 necessaria
1306 1601 1390 1628 esse
1417 1592 1536 1641 atque

224 1679 468 1731 ineleganter
499 1677 698 1717 abundare
727 1682 832 1717 certe
858 1681 1030 1717 statuere
1058 1678 1160 1717 licet.

730 1859 869 1899 CAP.
905 1860 1006 1899 XX.

272 2041 339 2083 τήν
367 2054 410 2077 τε
438 2040 640 2083 Μεσσήνην
670 2039 786 2082 εὐθὺς
819 2037 904 2087 εἶχε
930 2054 966 2080 κ.
996 2053 1032 2077 τ.
1060 2047 1098 2077 λ.
1128 2039 1350 2077 Messanam
1375 2042 1530 2090 captam

217 2130 411 2169 Diodorus
453 2134 540 2182 post
571 2130 958 2181 Carthaginiensium
987 2129 1197 2168 discessum
1225 2142 1271 2167 ac
1296 2132 1383 2180 post
1412 2128 1529 2180 Syra-

217 2234 328 2261 cusas
371 2224 537 2274 excepta
564 2220 700 2260 Insula
727 2224 935 2274 occupatas
963 2220 1146 2271 collocat,
1174 2219 1215 2258 in
1243 2218 1316 2258 hac
1345 2232 1387 2258 re
1415 2222 1458 2258 ut
1486 2218 1527 2258 in

214 2314 301 2353 aliis
329 2316 550 2364 temporum
578 2312 752 2350 ordinem
782 2324 920 2363 parum
948 2310 1154 2362 diligenter
1182 2309 1413 2360 observans3
1430 2309 1526 2362 Cap.

214 2406 290 2455 69,
334 2405 379 2442 6:
427 2401 546 2448 εὐθὺς
589 2402 626 2442 δὲ
668 2404 732 2441 καὶ
775 2404 843 2451 τὴν
873 2400 1075 2447 Μεσσήνην
1100 2398 1407 2448 μετατιθεμένην
1436 2400 1525 2449 πρὸς

213 2494 484 2545 Καρχηδονίους
514 2494 761 2543 ἀνεκτήσατο.
