1785 2956
866 284 916 320 59

245 431 433 470 aequare,
475 420 651 470 diruere,
698 421 934 460 contrarium
975 424 1033 460 est
1072 419 1276 468 ἀνοικίζειν.
1328 420 1387 458 Cf.
1431 418 1545 457 Diod.

246 507 342 559 Gap.
372 510 435 558 65,
466 510 514 548 9:
543 508 776 560 (Τιμολέων)
804 508 876 554 τὰς
903 508 1225 556 κατεσκκμμένας
1254 508 1325 548 ὑπὸ
1352 511 1426 547 τῶν
1450 507 1545 556 βκρ-

243 596 366 643 βάρων
395 598 617 641 Ἑλληνίδκς
646 598 774 642 πόλει,·
803 599 1215 647 ἀποκατέστησε,
1244 599 1348 649 quod
1368 603 1426 636 est
1441 598 1542 636 idem

244 690 362 738 atque
388 685 555 736 ἀνῴκισε.
585 688 704 728 Haud
730 688 780 729 ab
811 703 852 729 re
880 690 930 729 sit
958 689 1152 742 Nepotem
1181 703 1335 741 quoque
1366 690 1541 728 conferre

244 778 285 814 in
326 777 422 815 Vita
466 777 561 830 Cap.
591 780 640 828 3,
670 779 692 829 ξ
720 781 770 817 2;
805 779 984 828 „urbium
1006 779 1158 824 moenia
1186 778 1348 817 disiecta
1376 778 1543 830 fanaque

245 868 397 907 deserta
438 870 613 919 refecit.’'
651 869 761 908 Idem
803 857 966 909 verbum
1007 871 1150 921 legitur
1188 871 1228 908 in
1265 871 1346 908 vita
1388 870 1542 907 Luculli

245 957 340 1010 Cap.
369 958 515 996 XXIX
542 958 646 997 circa
673 941 773 997 med.
803 957 947 1011 (sermo
973 963 1031 998 est
1060 959 1108 998 de
1136 959 1232 998 urbe
1254 959 1543 1011 Tigranocertis

244 1061 267 1086 a
310 1048 474 1086 Lucullo
515 1050 666 1099 capta):
708 1047 802 1086 ὥστε
840 1048 978 1096 συνέβη
1008 1050 1100 1096 μιέες
1128 1049 1271 1093 πόλεω,·
1300 1049 1543 1094 διαλυθείσης

247 1140 395 1184 πολλὰς
444 1140 796 1188 ἀνοικίζεσθαι
842 1139 958 1178 πάλιν
999 1140 1246 1188 κομιζομένας
1287 1140 1372 1184 τοὺ,-
1415 1140 1541 1177 airam

239 1229 441 1277 o'mq'ropx3.
470 1253 520 1258 —
549 1231 595 1271 cf.
625 1231 726 1269 infra
753 1243 853 1283 quae
880 1231 1151 1270 annotabimus
1165 1231 1214 1269 ad
1230 1231 1323 1283 Cap.
1341 1230 1542 1269 XXXIX.

297 1398 422 1447 ὥσπερ
465 1399 628 1448 οἰκιστὴς
668 1400 862 1446 ἠγαπᾶτο.
902 1400 1038 1452 Pergit
1082 1400 1212 1452 Nepos
1248 1400 1331 1438 loco
1371 1400 1547 1451 proxime

245 1490 422 1529 laudato:
472 1490 730 1540 „Civitatibus
768 1492 872 1542 leges
914 1491 1211 1542 libertatemque
1252 1490 1432 1529 reddidit.
1478 1490 1541 1528 Ex

246 1580 417 1619 maximo
458 1580 559 1620 bello
596 1584 751 1620 tantum
792 1582 914 1620 otium
956 1584 1040 1620 tota
1081 1581 1207 1619 insula
1236 1580 1476 1630 conciliavit,
1503 1583 1547 1618 ut

247 1672 310 1710 hic
337 1671 511 1710 conditor
539 1672 694 1711 urbium
722 1685 876 1721 earum,
906 1684 983 1709 non
998 1671 1054 1709 illi
1069 1671 1137 1722 qui
1151 1659 1545 1724 initio-deduxerant²

248 1762 485 1801 videretur.”

694 1907 725 1943 O
737 1906 774 1943 A
786 1906 831 1944 P.
870 1907 909 1944 X
920 1906 958 1944 X
970 1906 1009 1943 X
1020 1906 1092 1944 VI.

296 2050 371 2086 τῶν
409 2048 446 2087 δὲ
483 2048 730 2095 Τιμολέοντος
755 2047 869 2096 ἔργων
899 2072 949 2078 -
977 2048 1076 2087 οὐδέν
1106 2051 1228 2095 ἐστιν,
1259 2045 1284 2096 ᾧ
1313 2051 1367 2096 μὴ
1397 2047 1449 2087 τοὶ
1480 2051 1544 2086 τοῦ

247 2137 502 2188 Σοφοκλέους,
540 2136 586 2183 ὥς
613 2141 707 2187 φησι
735 2138 918 2184 Tamum,
950 2140 1148 2187 ἐπιφωνεῖν
1178 2138 1334 2186 ἔπρεπεν
1366 2153 1399 2177 κ.
1433 2152 1468 2176 τ.
1504 2147 1541 2179 λ.

246 2229 366 2269 Haud
401 2233 496 2282 puto
524 2230 715 2282 huiusque
738 2243 878 2269 nomen
907 2231 1082 2280 fabulae,
1113 2230 1214 2269 unde
1244 2230 1315 2269 hoc
1344 2230 1543 2281 fragmen-

245 2324 329 2359 tum
370 2321 536 2373 petitum
576 2325 655 2371 est,
692 2325 889 2373 repertum
917 2334 1013 2360 esse.
1045 2321 1149 2361 Hinc
1179 2334 1333 2373 quoque
1361 2325 1547 2372 apparet,

247 2415 437 2465 quantum
467 2411 649 2450 Timaeus
663 2413 703 2450 in
718 2411 958 2451 Timoleonte
972 2425 996 2451 a
1010 2411 1286 2451 consuetudine
1300 2425 1371 2450 sua
1385 2411 1546 2451 maledi-

246 2503 356 2543 cendi
385 2504 605 2552 recesserit,
633 2504 699 2554 qui
730 2507 809 2542 tam
838 2504 991 2542 eximiis
1019 2502 1198 2541 laudibus
1227 2502 1412 2540 extulerit
1445 2502 1539 2541 Sici-
