1785 2956
857 288 908 324 54

223 423 331 462 Plut.
358 421 522 461 Aristid.
553 421 649 473 Cap.
682 422 810 460 XIX:

355 511 491 551 τόνδε
519 513 609 551 ποθ’
636 513 823 557 Ἕλληνες
850 512 954 557 νίκα,-
982 511 1133 564 xpi-ret,
1162 513 1261 564 ἔργῳ
1283 515 1446 562 ”Αρηο,·,

355 600 504 650 Πέρσαις
532 599 786 648 ἐξελάσαντες
816 601 998 652 ἐλευθέρᾳ
1025 602 1185 642 Ἐλλάδι
1217 603 1332 643 κοινὸν

408 690 602 739 ἱδρύσαντο
632 692 721 734 Διὸς
748 692 881 738 βωμὸν
911 693 1132 741 ἐλευθερίου.

225 782 285 822 Of.
314 782 438 822 Thuc.
467 781 556 833 VI,
587 783 637 822 54
665 786 704 822 et
732 783 890 835 passim.

278 871 429 916 Quibus
466 872 658 925 exemplis
683 872 873 912 adductus
903 874 972 914 hic·
993 854 1149 927 quoque
1174 873 1381 926 legendum
1411 876 1528 926 puto:

223 962 451 1009 χαριστήρια
483 962 584 1006 θεοῖς
615 961 808 1006 ἀνέθηκαν
836 977 859 1000 τ
872 962 898 1001 οὶ
911 964 930 1001 δ
944 977 975 1001 ε.

732 1117 763 1155 O
775 1117 813 1155 A
825 1117 870 1156 P.
902 1117 942 1155 X
953 1117 993 1156 X
1003 1117 1055 1156 X.

277 1271 363 1318 τοὺς
376 1274 526 1322 χιλίους
541 1272 795 1322 μισθοφόρους
810 1273 968 1318 ἕκείνου;
982 1287 1018 1314 κ.
1034 1287 1069 1311 τ.
1085 1281 1121 1312 λ.
1139 1273 1199 1312 Of.
1217 1273 1329 1312 Diod.
1347 1273 1442 1325 Cap.
1462 1275 1534 1323 82,

223 1366 291 1418 qui
321 1366 417 1404 haec
444 1365 563 1403 refert
593 1364 643 1403 ad
667 1364 729 1403 Ol.
756 1364 851 1414 Ox,
882 1366 927 1413 2,
957 1377 991 1402 a.
1023 1364 1066 1402 O.
1084 1366 1174 1402 339.
1192 1363 1263 1402 Ait
1276 1363 1533 1402 mercenarios

223 1456 264 1495 in
301 1455 547 1495 Bruttiorum
583 1455 741 1507 regione
785 1454 971 1507 oppidum
1014 1455 1253 1494 maritimum
1297 1455 1336 1493 vi
1375 1458 1532 1506 captum

224 1545 441 1597 diripuisse.
486 1544 573 1590 Quo
615 1544 718 1583 facto
760 1544 908 1583 Bruttii
947 1557 1109 1583 numero
1150 1545 1324 1583 valentes
1349 1544 1534 1596 oppidum

225 1638 553 1686 expugnaverunt
603 1638 722 1687 atque
773 1646 906 1674 omnes
950 1634 1086 1673 iaculis
1129 1634 1365 1673 occiderunt,
1411 1634 1534 1673 Addit

226 1723 355 1774 Diod„
385 1737 485 1776 quae
513 1736 576 1763 res
601 1737 678 1763 non
709 1728 1034 1764 commemoratur
1058 1728 1248 1775 anostro,
1265 1724 1535 1774 Postumium,

226 1813 461 1866 praedonem
506 1813 739 1865 Etruscum,
783 1827 871 1854 cum
913 1813 1000 1853 XII
1036 1827 1292 1867 myoparones
1321 1827 1409 1854 suos
1438 1815 1536 1854 nihil

225 1907 403 1944 metuens
441 1903 654 1957 Syracusas
683 1904 921 1957 appulisset,
952 1903 1205 1944 Timoleontis
1231 1905 1338 1944 iussu
1367 1905 1533 1958 prehen-

225 2008 312 2035 sum
343 1998 381 2035 et
414 1998 538 2035 morte
564 1995 775 2035 multatum
805 2006 901 2034 esse.

278 2135 441 2176 ἔπλευσε
472 2136 618 2177 Γέσκων
648 2153 681 2178 κ.
713 2152 749 2178 τ.
778 2146 815 2178 λ.
846 2139 1093 2180 Illustremus
1123 2140 1218 2180 haec
1247 2153 1268 2179 e
1296 2140 1410 2180 Diod.
1437 2140 1536 2193 Cap.

225 2229 296 2278 81,
336 2229 358 2278 ξ
386 2230 410 2266 2
441 2241 491 2267 ss.
525 2228 933 2282 „Carthaginiensium
962 2229 1189 2283 superstites
1201 2230 1238 2281 ,”
1268 2229 1345 2281 ait,
1380 2233 1536 2281 „tantus

226 2323 353 2358 terror
396 2333 441 2359 ac
484 2320 693 2372 trepidatio
723 2321 882 2360 tenebat
910 2325 975 2373 ut,
1005 2334 1094 2361 cum
1121 2322 1190 2361 vix
1218 2325 1257 2361 et
1284 2335 1401 2374 aegre
1429 2323 1537 2376 Lily-

226 2407 368 2448 baeum
409 2410 692 2463 perfugissent,
724 2424 775 2451 ne
801 2424 920 2452 naves
947 2411 1105 2465 quidem
1135 2412 1390 2452 conscendere
1418 2417 1537 2465 atque

178 2498 265 2539 .-in
293 2500 463 2550 patriam
490 2500 615 2539 redire
641 2500 849 2552 auderent,
880 2505 1118 2551 metuentes,
1149 2515 1197 2540 ne
1227 2502 1276 2540 ob
1305 2502 1403 2540 iram
1431 2502 1528 2541 divi-
