1785 2956
914 289 963 325 39

286 428 483 477 expuncta
522 425 768 477 participium
809 425 942 463 aoristi
983 424 1193 464 rescribere
1237 426 1374 475 velim,
1405 425 1585 464 Schaefe-

285 529 372 555 rum
400 520 573 566 secutus,
601 516 668 568 qui
695 515 735 554 in
763 519 914 555 annot.:
936 514 1191 567 „qusuydexq
1220 516 1353 554 malim
1370 513 1582 564 φυγόντων.

287 606 428 645 Statim
455 606 629 658 sequitur
659 605 929 645 ἐκπεσόντων.”

336 786 383 832 ὥς
436 785 538 832 ἔτους
578 784 650 837 ὥρᾳ
690 785 980 834 διαβησομένους
1021 786 1073 831 εἷς
1114 785 1305 826 Σικελίαν.
1354 786 1414 826 Of.
1458 786 1582 825 Thuc.

284 876 330 914 L.
361 876 444 927 VI,
474 876 568 928 Cap.
601 878 671 927 70,
700 877 768 915 ubi
795 877 976 915 dicuntur
1005 877 1177 915 tonitrua
1191 880 1230 915 et
1244 876 1387 915 imbres
1403 877 1583 915 incidisse

281 966 323 1005 in
364 967 505 1017 aciem,
548 967 605 1005 ita
645 971 689 1006 ut
728 968 797 1016 iis,
839 968 906 1019 qui
933 967 974 1006 in
1002 980 1044 1006 re
1070 968 1228 1006 militari
1258 967 1364 1006 haud
1389 981 1582 1019 magnum

281 1069 395 1096 usum
423 1056 639 1109 habebant,
668 1057 847 1098 timorem
873 1058 1076 1109 auxerint,
1104 1061 1181 1104 τοῖς
1208 1057 1510 1106 δ’ἐμπειροτέροι,·
1528 1057 1581 1097 τὰ

280 1146 348 1192 μὲν
375 1147 584 1192 γιγνόμενοι
613 1150 677 1185 καὶ
707 1146 794 1197 ὥρᾳ
823 1146 960 1193 ἔτους
988 1147 1233 1196 περκίνεσθοοι
1260 1148 1378 1187 δοκεῖν
1409 1163 1444 1186 κ.
1476 1163 1513 1187 τ.
1543 1157 1581 1188 λ.

281 1236 386 1276 Plut.
428 1238 468 1276 in
511 1238 636 1277 Dione
678 1238 773 1291 Cap.
817 1238 939 1278 XVI:
980 1238 1017 1276 ἐν
1045 1237 1167 1290 τούτῳ
1209 1238 1246 1277 δὲ
1289 1237 1454 1286 πολέμου
1483 1239 1579 1282 τινὸς

280 1326 505 1373 ἐμπεσόντος
532 1327 753 1374 ἀποπέμπει
781 1326 1061 1366 τὸνΠλοὶτωνοι
1077 1359 1087 1379 ,
1116 1327 1340 1375 συνθέμενος
1364 1329 1434 1373 εἰς
1457 1327 1578 1377 :15va

279 1416 415 1461 ἔτους
441 1418 783 1467 μετκπέμψοισθοιι
812 1420 977 1471 (corrige
1006 1443 1056 1448 —-
1085 1421 1251 1471 ψεσθοιι)
1288 1420 1425 1458 Δίωνα.

739 1600 876 1640 GAP.
914 1601 1110 1640 XXIII.

334 1779 399 1819 Ad
439 1794 485 1819 ea
525 1794 625 1832 quae
665 1781 737 1820 hoc
777 1782 903 1833 capite
932 1785 1140 1820 narrantur
1168 1781 1215 1820 cf.
1245 1780 1437 1833 Nepotem
1465 1781 1577 1820 initio

277 1869 387 1922 Cap..
414 1870 500 1907 III:
548 1883 659 1919 „cum
700 1874 856 1921 propter
899 1871 1195 1910 diuturnitatem
1222 1872 1315 1910 belli
1346 1884 1423 1910 non
1451 1872 1575 1910 solum

274 1960 470 2011 regiones,
514 1960 580 1999 sed
620 1961 737 1999 etiam
777 1961 892 2000 urbes
934 1961 1104 2001 desertas
1146 1961 1314 2012 videret,
1342 1962 1575 2014 conquisivit

273 2063 369 2103 quos
409 2050 556 2103 potuit,
596 2052 764 2104 primum
807 2051 976 2102 Siculos,
1018 2051 1106 2090 dein
1145 2050 1332 2090 Corintho
1370 2051 1572 2091 arcessivit

273 2142 444 2190 colonos,
473 2141 576 2192 quod
602 2141 651 2179 ab
679 2141 733 2180 eis
760 2141 870 2179 initio
900 2141 1115 2193 Syracusae
1143 2146 1254 2181 erant
1284 2141 1502 2181 conditae.’'

323 2320 355 2358 οἱ
396 2319 433 2358 δὲ
474 2319 717 2365 συνελθόντες
757 2320 810 2366 εἰς
839 2320 1012 2369 Κόρινθον
1040 2343 1091 2350 -
1121 2321 1308 2368 γενόμενοι
1339 2321 1474 2369 μυρίων
1502 2322 1567 2361 οὐκ

268 2408 446 2455 ἕλω-τους
486 2409 752 2449 κατέπλευσοιν
790 2411 843 2455 εἱ,-
888 2410 1145 2459 Συρκκούσκς.
1189 2411 1406 2451 Dimidium
1432 2424 1569 2451 nume-

269 2515 356 2541 rum
397 2502 561 2552 legimus
601 2515 662 2553 ap.
705 2502 861 2541 Diodor.
895 2503 989 2554 Gap.
1019 2505 1091 2552 82,
1121 2506 1164 2542 3:
1195 2502 1403 2549 ὑπεδέξατο
1432 2501 1469 2540 δὲ
1500 2505 1565 2540 καὶ
