1785 2956
880 279 929 317 35

720 503 858 544 CAP.
901 504 1097 549 XVIII.

309 675 334 719 ἃ
377 686 553 728 μίλιστα
587 685 750 732 χειμῶνι
780 684 1064 734 παρεισέπιπτε.
1094 686 1257 738 Saepius
1284 686 1449 738 legimus
1474 699 1559 725 ver-

258 771 351 811 bum
381 774 691 826 παρεισπίπτειν,
720 779 764 815 ut
791 789 909 829 supra
937 776 1032 829 Cap.
1062 777 1191 816 XIII:
1221 780 1349 826 κρύφα
1376 779 1441 816 καὶ
1471 779 1558 815 κατ’

256 861 406 910 ὀλίγους
449 864 792 912 παρεισπεσόντας.
832 870 872 906 et
912 880 975 920 ap.
1018 867 1175 906 Diodor.
1217 880 1254 907 v.
1296 880 1329 907 c.
1357 867 1404 907 L.
1433 866 1556 918 XVI,

259 952 355 1005 Cap.
396 955 469 1005 68,
515 957 584 995 10:
614 956 871 1004 παρεισπεσὼν
900 956 930 995 δ’
960 958 1014 1001 εἲς
1038 960 1106 1005 τὴν
1134 956 1396 1005 παρεμβολήν.
1425 956 1559 996 Habet

258 1057 345 1084 eam
386 1045 727 1097 significationem,
770 1047 818 1087 de
846 1061 924 1099 qua
950 1048 1059 1086 nulla
1087 1047 1277 1086 dubitatio
1305 1060 1389 1086 esse
1416 1047 1559 1098 possit,

257 1147 417 1187 nempe:
458 1136 580 1188 clam,
621 1136 755 1177 furtim
790 1137 831 1176 in
858 1138 1027 1190 aliquem
1055 1138 1182 1177 locum
1204 1137 1373 1190 irrepere
1387 1140 1426 1176 et
1439 1135 1560 1176 illabi.

259 1225 404 1264 Facere
443 1230 486 1264 ut
528 1227 667 1278 aliquis
709 1228 927 1266 clanculum
966 1229 1006 1266 in
1048 1228 1175 1266 locum
1216 1239 1256 1266 se
1283 1227 1473 1277 insinuet,
1502 1228 1561 1265 est

259 1319 522 1368 παρεισάγειν,
566 1321 609 1357 ut
650 1318 691 1356 in
734 1318 806 1357 hoc
848 1320 994 1370 capite:
1024 1317 1196 1356 κλέπτων
1229 1320 1294 1356 καὶ
1324 1319 1561 1365 παρεισάγων

262 1411 330 1456 τὴν
375 1407 620 1455 συμμαχίαν.
665 1406 934 1457 Contrarium,
977 1411 1022 1446 ut
1063 1407 1237 1458 videtur,
1265 1407 1409 1460 optime
1436 1406 1563 1445 reddit

261 1497 425 1537 verbum
467 1495 722 1545 διεκδύεσὲαι,
771 1496 973 1548 διεκδῦναι,
1017 1497 1152 1537 furtim
1179 1497 1301 1548 elabi3
1329 1496 1471 1549 legitur
1499 1508 1561 1549 ap.

261 1592 460 1638 nostrum,
501 1588 569 1627 ubi
610 1589 771 1640 exponit
813 1588 1003 1640 quomodo
1043 1588 1185 1627 Poenis
1220 1600 1262 1627 os
1298 1587 1485 1626 sublitum
1512 1586 1562 1625 sit

262 1692 285 1717 a
314 1678 554 1717 Timoleonte
581 1682 620 1717 et
648 1654 990 1730 RheginissCap.
1014 1678 1074 1717 X:
1090 1677 1231 1722 διεκδὺς
1245 1678 1307 1716 τὸν
1322 1676 1458 1728 ὄχλον,
1474 1673 1560 1723 ἅμα

262 1769 338 1805 τῶν
368 1766 449 1815 περὶ
479 1767 521 1806 τὸ
550 1766 664 1815 βῆμα
698 1767 874 1814 Ῥηγίνων
903 1769 1268 1815 συνεπικρυπτόντων
1296 1781 1333 1805 κ.
1361 1780 1398 1805 τ.
1428 1774 1466 1805 λ.

316 1941 342 1986 ἃ
385 1946 427 1996 δὴ
472 1948 688 1996 συνορῶντες
729 1947 760 1986 οἱ
791 1949 887 2007 ’περὶ
931 1950 997 1986 τὸν
1035 1945 1212 1993 Μάγωνα
1241 1948 1306 1985 καὶ
1335 1946 1397 1985 τὸν
1426 1945 1565 1991 Ἱκέτην

265 2037 461 2084 ἐβούλοντο
506 2040 576 2086 τὴν
614 2040 785 2082 Κατάνην
829 2037 954 2081 ἑλεῖν,
1006 2037 1046 2083 ἐξ
1088 2034 1127 2081 ἧς
1156 2036 1261 2075 ἔπλει
1291 2035 1343 2074 τοὶ
1374 2036 1565 2080 ἐπιτήδεια

265 2127 309 2177 (l.
336 2126 580 2179 τάπιτήδεια)
608 2131 686 2173 τοῖς
714 2127 1046 2177 πολιορκουμένοις.
1073 2128 1287 2167 Versamur
1316 2127 1356 2165 in
1371 2127 1568 2167 obsidione

266 2217 424 2257 Insulae
465 2232 494 2257 s.
537 2218 747 2271 Ortygiae,
789 2232 865 2271 quo
907 2219 1108 2257 Timoleon
1152 2218 1346 2258 deditione
1374 2219 1476 2257 facta
1503 2218 1568 2269 (cf.

267 2308 363 2360 Cap.
406 2307 532 2359 XIII)
562 2308 696 2348 CCCC
724 2309 869 2347 milites
897 2308 1079 2358 Euclide,
1109 2308 1340 2347 Telemacho
1368 2312 1407 2346 et
1435 2308 1571 2346 Neone

266 2397 427 2438 ducibus
468 2398 648 2449 miserat,
690 2398 731 2438 hi
772 2402 925 2450 praeter
967 2398 1055 2437 MM
1092 2398 1435 2448 mercenariorum,
1472 2410 1569 2449 quos

266 2492 478 2542 tyrannus,
521 2491 565 2527 ut
610 2488 781 2540 reliqua,
822 2487 1054 2528 Timoleonti
1083 2487 1316 2537 tradiderat,
1347 2486 1426 2526 arci
1456 2486 1568 2527 Insu-
