1785 2956
832 273 882 312 64

200 406 308 454 ἦττον
338 412 385 447 ἄν
415 424 471 455 τις
499 408 730 457 θαυμάσειε.
761 409 820 449 Cf.
849 409 950 462 Nep.
976 394 1079 463 ¹Gap.
1108 410 1190 462 IV,
1220 412 1241 463 ξ
1274 413 1317 451 1:
1354 412 1505 462 „Quam

200 501 464 539 calamitatem
493 501 550 539 ita
577 500 775 539 moderate
801 501 919 551 tulit,
946 504 991 540 ut
1018 514 1146 553 neque
1173 514 1264 540 eum
1279 506 1505 553 querentem

199 591 408 641 quisquam
451 590 618 629 audierit
659 604 786 642 neque
825 604 871 630 eo
914 591 1043 630 minus
1071 592 1235 644 privatis
1263 594 1505 645 publicisque

198 680 315 720 rebus
358 681 620 720 interfiierit.”
665 704 715 709 —
744 680 1007 728 ἀγαλλόμενοι
1036 683 1102 720 καὶ
1129 681 1237 730 μέγα
1264 684 1503 734 φρονοῦντες,

197 769 253 808 ὅτι
284 772 373 818 παρ’
402 771 530 815 αὐτοῖς
558 769 679 809 εἵλετο
708 771 923 819 κοιτοεζῆσαι
951 772 1015 810 τὸν
1042 771 1140 818 βίον.
1169 773 1296 824 Magis
1320 775 1503 818 Ἀττικῶ,ἱ

198 860 314 899 Plato
354 860 395 898 in
425 859 643 911 Protagora
673 860 769 912 Cap.
798 861 1012 911 XXXVI,
1040 875 1130 913 pag.
1159 864 1235 901 355
1264 862 1324 902 A:
1355 877 1503 902 κατοι-

198 951 381 998 βιῶναι
424 952 488 989 τὸν
528 950 610 998 βίον
652 948 741 989 ἄνευ
781 953 935 1002 λυπῶν,
982 964 1083 1003 quae
1124 956 1184 991 est
1225 954 1307 992 sola
1334 954 1503 1004 genuina

196 1042 320 1081 forma
347 1041 501 1092 aoristi,
530 1041 578 1080 de
605 1054 683 1093 qua
710 1054 752 1079 re
779 1042 827 1080 oi.
856 1041 908 1080 V.
937 1040 997 1080 Ol.
1027 1038 1218 1081 Cobetum
1243 1041 1286 1081 in
1301 1042 1503 1095 Epimetro

196 1133 292 1171 Var.
336 1132 467 1181 Lect.‚
510 1131 606 1182 Cap.
637 1131 745 1181 VII,
773 1144 863 1182 pag.
892 1133 981 1170 610.
1011 1131 1104 1170 Alia
1130 1132 1274 1183 forma,
1303 1132 1371 1171 sed
1396 1133 1502 1172 haud

196 1222 366 1262 melioris
395 1225 511 1261 notae
527 1255 536 1270 ‚
566 1221 691 1261 utitur
719 1221 826 1261 Plut.
857 1223 898 1261 in
926 1225 1104 1262 extremo
1129 1222 1225 1275 Cap.
1240 1222 1385 1263 XXIV
1399 1223 1503 1264 vitae

193 1311 423 1353 Demosth.:
468 1311 719 1362 (Aeschines)
755 1314 837 1358 περὶ
867 1311 988 1350 Ῥόδον
1017 1310 1080 1350 καὶ
1112 1311 1252 1350 Ἰωνίαν
1280 1315 1506 1362 σοφιστεύων

196 1401 483 1448 κατεβίωσε
499 1435 508 1450 ,
539 1403 607 1453 qui
636 1416 714 1441 aor.
745 1402 1157 1453 frequentissimus-est
1171 1404 1277 1455 apud
1290 1405 1499 1456 sequiore8‚

196 1496 240 1532 ut
281 1491 386 1545 apud
427 1490 542 1531 Diod.
585 1490 715 1542 XVI,
758 1492 808 1530 70
849 1491 898 1532 de
935 1491 1148 1545 Dionysio:
1187 1493 1501 1541 κατεβίωσεν

193 1582 443 1631 ἀπορούμενος
473 1584 509 1620 ἐν
541 1581 711 1632 Κορίνδῳ.

251 1763 302 1803 τὰ
359 1762 436 1812 γὰρ
457 1761 594 1801 ·ἄλλα
639 1762 684 1800 δι’
727 1762 853 1800 αὐτῶν
894 1761 1073 1809 κρίνοντες
1115 1764 1178 1800 ἐπὶ
1220 1761 1292 1807 τὰς
1327 1762 1501 1811 μείζονας

191 1853 412 1901 διασκέψεις
440 1852 574 1891 ἐκεῖνον
605 1851 775 1891 ἐκοὲλουν.
804 1851 903 1891 Fide
930 1852 1108 1903 digniora
1136 1856 1227 1891 sunt
1257 1853 1353 1892 haec
1379 1865 1498 1905 quam

192 1956 293 1995 quae
322 1943 389 1982 dat
418 1942 551 1995 Nepos
580 1941 676 1993 Cap.
706 1941 799 1992 ΙΙΙ,
830 1941 912 1991 §5z
934 1940 1103 1991 „Nullus
1117 1941 1238 1981 honos
1252 1940 1342 1980 huic
1356 1940 1499 1993 defuit,

190 2046 318 2085 neque
361 2036 496 2085 postea
542 2045 604 2071 res
646 2032 728 2070 ulla
772 2031 976 2083 Syracusis
1016 2034 1129 2082 gesta
1164 2034 1224 2070 est
1251 2030 1426 2082 publice,
1454 2030 1504 2069 de

189 2137 267 2177 qua
296 2123 403 2177 prius
434 2123 484 2162 sit
512 2122 732 2173 decretum,
764 2134 882 2174 quam
910 2120 1164 2160 Timoleontis
1194 2119 1387 2160 sententia
1410 2132 1499 2172 eog-

189 2216 313 2254 nita.'‘
358 2214 422 2252 Sic
451 2213 564 2252 valde
592 2213 816 2264 negotiosus
844 2212 982 2251 fuisset
1012 2211 1215 2249 Timoleon
1244 2213 1283 2249 et
1311 2222 1431 2249 senex
1459 2212 1498 2249 et

189 2318 282 2344 mox
327 2305 448 2343 oculis
486 2307 646 2354 eaptus;
693 2302 822 2353 potius
849 2300 1041 2340 eredimus
1067 2300 1303 2350 Plutarcho,
1330 2299 1498 2351 Syracu-

188 2408 305 2434 sanos
350 2394 398 2433 de
438 2392 686 2446 gravioribus
728 2394 883 2430 tantum
916 2390 1034 2430 rebus
1062 2390 1113 2430 ad
1142 2391 1253 2430 illum
1280 2391 1497 2442 rettulisse,

183 2490 333 2531 ceteras
376 2498 447 2525 suo
490 2484 621 2525 Marte
662 2483 970 2523 administrasse.
999 2504 1049 2511 —-
1079 2481 1495 2532 ὅδεκομιζόμενοςδΐ
