1785 2956
876 297 926 334 55

243 448 334 473 nam
360 436 459 474 mari
487 434 620 473 Africo
650 437 927 484 mergerentur.
960 433 1061 471 Item
1088 435 1229 472 nuncio
1245 435 1364 473 cladis
1383 435 1546 473 Cartha-

245 525 374 575 ginem
412 525 559 576 perlato
587 524 804 575 desperatio
831 524 1003 562 omnium
1031 523 1170 561 animis
1208 524 1386 573 incessit,
1418 525 1473 562 ita
1502 528 1546 563 ut

245 613 525 653 Timoleontem
569 614 700 658 statim
738 626 826 652 cum
864 613 1040 653 exercitu
1070 613 1322 652 traiecturum
1352 617 1390 652 et
1420 614 1543 665 ipsam

245 703 380 741 urbem
422 715 696 754 aggressurum
725 705 920 754 putarent.
951 702 1094 740 Statim
1125 701 1308 754 Gisgoni,
1339 702 1544 741 Hannonis

245 795 344 844 filio,
382 795 432 833 ab
469 795 587 834 exilio
615 799 794 834 revocato
822 808 1014 833 summam
1043 794 1135 833 belli
1164 794 1411 844 detulerunt,
1439 794 1543 846 quod

244 885 390 924 virtute
433 888 471 924 et
510 885 567 924 rei
605 885 783 924 militaris
811 884 972 923 scientia
1002 884 1179 923 omnibus
1208 888 1406 937 praestare
1433 884 1543 924 vide-

244 974 372 1012 batur.
415 974 496 1026 Ipsi
532 974 675 1013 civium
704 986 862 1013 suorum
890 973 1114 1026 corporibus
1141 986 1299 1025 parcere
1329 977 1367 1013 et
1397 987 1545 1013 merce-

244 1066 372 1103 narios
413 1065 669 1115 alienigenas,
713 1064 902 1115 imprimis
931 1063 1121 1113 Graecos,
1154 1063 1367 1102 conducere
1396 1067 1544 1102 statue-

243 1157 356 1204 runt;
398 1153 604 1205 sperabant
643 1153 721 1193 sore
762 1157 805 1192 ut
841 1153 954 1192 multi
993 1157 1150 1206 propter
1178 1167 1364 1206 magnum
1394 1155 1543 1206 stipen—

245 1245 350 1283 dium
379 1248 416 1283 et
443 1244 597 1283 divitias
628 1244 877 1295 Carthaginis
905 1244 1062 1282 nomina
1090 1244 1238 1282 darent.
1265 1244 1398 1283 Nihilo
1415 1245 1541 1283 secius

243 1335 391 1386 legatos
425 1336 580 1374 idoneos
622 1337 662 1374 in
705 1336 876 1374 Siciliam
919 1336 1243 1385 transmiserunt,
1287 1336 1354 1386 qui
1398 1335 1540 1386 quibus

242 1425 392 1477 legibus
420 1426 551 1465 liceret
579 1405 714 1478 pacem
742 1426 1057 1478 componerent.'’

695 1606 725 1644 O
738 1606 775 1644 A
787 1606 833 1645 P.
872 1606 911 1644 X
924 1606 963 1645 X
973 1606 1012 1645 X
1024 1607 1044 1645 Ι
1057 1606 1089 1645 Ι.

296 1784 482 1834 Κορίνθιαι
507 1790 700 1833 ,γυναῖκες
738 1785 896 1834 ἐξῆλθον
918 1786 1051 1833 δόμων.
1082 1787 1308 1827 Oonvicium
1335 1788 1376 1826 in
1408 1786 1542 1827 Corin-

243 1879 344 1917 thios
384 1879 528 1917 iactum
567 1881 624 1916 est
666 1876 824 1930 parodia
861 1878 984 1930 petita
1011 1891 1062 1917 ex
1090 1878 1288 1931 Euripidis
1318 1878 1457 1919 Medea
1484 1892 1540 1918 vs.

243 1971 340 2019 216,
384 1969 451 2007 ubi
492 1968 630 2007 Medea
656 1968 757 2007 foras
785 1980 940 2020 egressa
968 1968 1129 2008 chorum
1160 1969 1396 2022 alloquitur,
1427 1982 1543 2009 voca-

241 2061 321 2099 tivo
348 2061 388 2097 in
416 2059 719 2108 nominativum,
752 2060 791 2097 1³
818 2072 917 2111 pers.
938 2060 1146 2111 singularis
1162 2060 1308 2099 formae
1323 2060 1363 2099 in
1378 2061 1540 2100 tertiam

240 2152 340 2203 plur.
381 2151 552 2189 mutatis.
594 2151 670 2189 Vel
711 2150 782 2189 hoc
824 2151 874 2189 sit
916 2155 1147 2201 argumento
1164 2181 1174 2200 ,
1218 2155 1364 2202 quanto
1409 2151 1536 2189 studio

241 2241 459 2281 Sicilienses
515 2240 654 2280 Graeci
704 2240 837 2293 poesin
884 2240 1136 2294 Euripideam
1179 2241 1510 2294 amplecterentur
1526 2272 1536 2291 ,

239 2332 341 2383 quod
368 2332 486 2370 etiam
511 2331 667 2370 aliunde
694 2335 845 2369 constat
873 2335 912 2369 et
939 2332 1218 2383 pervulgatum
1250 2334 1331 2382 est3
1348 2331 1395 2370 cf.
1413 2331 1536 2370 vitam

237 2423 373 2462 Niciae
414 2423 509 2473 Gap.
550 2422 708 2460 XXIX.
749 2420 939 2459 Mimo-rx
979 2419 1077 2471 γάρ,
1103 2422 1149 2465 ὡς
1176 2420 1290 2471 ἔοικε,
1320 2421 1375 2459 ait
1405 2420 1537 2471 Plut.,

239 2517 313 2550 τῶν
356 2511 460 2555 ἐκτὸς
501 2511 689 2555 Ἑλλήνων
731 2509 924 2553 ἐπόθησαν
968 2510 1079 2549 αὐτοῦ
1123 2513 1190 2558 τὴν
1218 2514 1362 2556 μοῦσαν
1392 2510 1535 2557 οἱπερὶ
