<?xml version="1.0" encoding="UTF-8"?>
<!DOCTYPE html PUBLIC "-//W3C//DTD XHTML 1.0 Transitional//EN"
    "http://www.w3.org/TR/xhtml1/DTD/xhtml1-transitional.dtd">
<html xmlns="http://www.w3.org/1999/xhtml" xml:lang="en" lang="en">
 <head>
  <title>
</title>
<meta http-equiv="Content-Type" content="text/html;charset=utf-8" />
  <meta name='ocr-system' content='tesseract 3.04.00' />
  <meta name='ocr-capabilities' content='ocr_page ocr_carea ocr_par ocr_line ocrx_word'/>
</head>
<body>
  <div class='ocr_page' id='page_1' title='image "4738089_0032.png"; bbox 0 0 1785 2956; ppageno 0'>
   <div class='ocr_carea' id='block_1_1' title="bbox 819 256 928 294">
    <p class='ocr_par' dir='ltr' id='par_1_1' title="bbox 819 256 928 294">
     <span class='ocr_line' id='line_1_1' title="bbox 819 256 928 294; baseline 0 0"><span class='ocrx_word' id='word_1_1' title='bbox 819 256 928 294; x_wconf 84' lang='grc'><strong>17-</strong></span> 
     </span>
    </p>
   </div>
   <div class='ocr_carea' id='block_1_2' title="bbox 232 390 1529 442">
    <p class='ocr_par' dir='ltr' id='par_1_2' title="bbox 232 390 1529 442">
     <span class='ocr_line' id='line_1_2' title="bbox 232 390 1529 442; baseline 0 -12"><span class='ocrx_word' id='word_1_2' title='bbox 232 390 447 439; x_wconf 73' lang='grc' dir='ltr'><em>διαστημα,</em></span> <span class='ocrx_word' id='word_1_3' title='bbox 493 394 557 430; x_wconf 84' lang='grc' dir='ltr'><em>καὶ</em></span> <span class='ocrx_word' id='word_1_4' title='bbox 599 395 666 440; x_wconf 65' lang='grc' dir='ltr'><strong>τῆς</strong></span> <span class='ocrx_word' id='word_1_5' title='bbox 707 391 836 436; x_wconf 72' lang='grc' dir='ltr'><em>νυκτός</em></span> <span class='ocrx_word' id='word_1_6' title='bbox 873 391 1149 441; x_wconf 74' lang='grc' dir='ltr'><em>ἐπιλαβούσης,</em></span> <span class='ocrx_word' id='word_1_7' title='bbox 1178 391 1358 442; x_wconf 64' lang='grc' dir='ltr'><em>ἔφθασαν</em></span> <span class='ocrx_word' id='word_1_8' title='bbox 1385 392 1416 431; x_wconf 86' lang='grc' dir='ltr'><strong>οἱ</strong></span> <span class='ocrx_word' id='word_1_9' title='bbox 1444 394 1529 440; x_wconf 76' lang='grc' dir='ltr'><em>περὶ</em></span> 
     </span>
    </p>
   </div>
   <div class='ocr_carea' id='block_1_3' title="bbox 231 480 1341 532">
    <p class='ocr_par' dir='ltr' id='par_1_3' title="bbox 231 480 1341 532">
     <span class='ocr_line' id='line_1_3' title="bbox 231 480 1341 532; baseline 0.004 -12"><span class='ocrx_word' id='word_1_10' title='bbox 231 483 296 521; x_wconf 87' lang='grc' dir='ltr'><em>τὸν</em></span> <span class='ocrx_word' id='word_1_11' title='bbox 325 480 560 529; x_wconf 74' lang='grc' dir='ltr'><em>Τιμολέοντα</em></span> <span class='ocrx_word' id='word_1_12' title='bbox 593 480 905 527; x_wconf 62' lang='grc' dir='ltr'><em>ἀποπλεύσαντες</em></span> <span class='ocrx_word' id='word_1_13' title='bbox 931 484 985 528; x_wconf 73' lang='grc' dir='ltr'><strong>εἷς</strong></span> <span class='ocrx_word' id='word_1_14' title='bbox 1012 483 1053 522; x_wconf 84' lang='grc' dir='ltr'><strong>τὸ</strong></span> <span class='ocrx_word' id='word_1_15' title='bbox 1081 483 1341 532; x_wconf 83' lang='grc' dir='ltr'><em>Ταυρομένιον.</em></span> 
     </span>
    </p>
   </div>
   <div class='ocr_carea' id='block_1_4' title="bbox 230 662 1553 2434">
    <p class='ocr_par' dir='ltr' id='par_1_4' title="bbox 230 662 1553 1435">
     <span class='ocr_line' id='line_1_4' title="bbox 285 662 1531 713; baseline 0.001 -12"><span class='ocrx_word' id='word_1_16' title='bbox 285 662 559 713; x_wconf 61' lang='grc' dir='ltr'><em>ὑποδεχομένου</em></span> <span class='ocrx_word' id='word_1_17' title='bbox 600 662 664 702; x_wconf 79' lang='grc' dir='ltr'><em>καὶ</em></span> <span class='ocrx_word' id='word_1_18' title='bbox 702 666 900 709; x_wconf 72' lang='grc' dir='ltr'><em>καλοῦντος</em></span> <span class='ocrx_word' id='word_1_19' title='bbox 927 662 1065 709; x_wconf 74' lang='grc' dir='ltr'><em>αὐτοὺς</em></span> <span class='ocrx_word' id='word_1_20' title='bbox 1093 663 1148 703; x_wconf 84' lang='grc' dir='ltr'><strong>ἔτι</strong></span> <span class='ocrx_word' id='word_1_21' title='bbox 1176 662 1300 703; x_wconf 72' lang='grc' dir='ltr'><em>πάλαι</em></span> <span class='ocrx_word' id='word_1_22' title='bbox 1328 664 1531 713; x_wconf 67' lang='grc' dir='ltr'><em>προθύμως</em></span> 
     </span>
     <span class='ocr_line' id='line_1_5' title="bbox 233 753 1529 803; baseline 0.001 -11"><span class='ocrx_word' id='word_1_23' title='bbox 233 753 494 802; x_wconf 72' lang='grc' dir='ltr'><em>Ἀνδρομάχου</em></span> <span class='ocrx_word' id='word_1_24' title='bbox 521 757 585 793; x_wconf 87' lang='grc' dir='ltr'><strong>τοῦ</strong></span> <span class='ocrx_word' id='word_1_25' title='bbox 612 757 680 803; x_wconf 85' lang='grc' dir='ltr'><em>τὴν</em></span> <span class='ocrx_word' id='word_1_26' title='bbox 706 758 814 794; x_wconf 79' lang='grc' dir='ltr'><em>πόλιν</em></span> <span class='ocrx_word' id='word_1_27' title='bbox 843 753 995 803; x_wconf 72' lang='grc' dir='ltr'><em>ἔχοντος</em></span> <span class='ocrx_word' id='word_1_28' title='bbox 1023 756 1087 793; x_wconf 80' lang='grc' dir='ltr'><em>καὶ</em></span> <span class='ocrx_word' id='word_1_29' title='bbox 1113 753 1409 799; x_wconf 76' lang='grc' dir='ltr'><em>δυναστεύοντος.</em></span> <span class='ocrx_word' id='word_1_30' title='bbox 1440 753 1529 793; x_wconf 91' lang='lat' dir='ltr'><strong>Dis-</strong></span> 
     </span>
     <span class='ocr_line' id='line_1_6' title="bbox 230 843 1529 896; baseline 0.001 -14"><span class='ocrx_word' id='word_1_31' title='bbox 230 844 353 882; x_wconf 91' lang='lat' dir='ltr'><strong>cimus</strong></span> <span class='ocrx_word' id='word_1_32' title='bbox 393 856 415 883; x_wconf 86' lang='lat' dir='ltr'><strong>e</strong></span> <span class='ocrx_word' id='word_1_33' title='bbox 456 843 570 883; x_wconf 87' lang='lat' dir='ltr'>Diod.</span> <span class='ocrx_word' id='word_1_34' title='bbox 613 844 659 883; x_wconf 89' lang='lat' dir='ltr'><strong>L.</strong></span> <span class='ocrx_word' id='word_1_35' title='bbox 706 844 830 894; x_wconf 89' lang='lat' dir='ltr'>XVI,</span> <span class='ocrx_word' id='word_1_36' title='bbox 874 843 969 896; x_wconf 82' lang='lat' dir='ltr'>Cap.</span> <span class='ocrx_word' id='word_1_37' title='bbox 1009 845 1030 883; x_wconf 80' lang='lat'><strong>7</strong></span> <span class='ocrx_word' id='word_1_38' title='bbox 1058 844 1162 883; x_wconf 90' lang='lat' dir='ltr'><strong>hunc</strong></span> <span class='ocrx_word' id='word_1_39' title='bbox 1190 843 1529 895; x_wconf 78' lang='lat' dir='ltr'><strong>Andromachum,</strong></span> 
     </span>
     <span class='ocr_line' id='line_1_7' title="bbox 231 934 1553 988; baseline 0.001 -14"><span class='ocrx_word' id='word_1_40' title='bbox 231 934 377 974; x_wconf 81' lang='lat' dir='ltr'><strong>virtute</strong></span> <span class='ocrx_word' id='word_1_41' title='bbox 405 938 444 974; x_wconf 88' lang='lat' dir='ltr'><strong>et</strong></span> <span class='ocrx_word' id='word_1_42' title='bbox 475 934 612 987; x_wconf 88' lang='lat' dir='ltr'><strong>opibus</strong></span> <span class='ocrx_word' id='word_1_43' title='bbox 639 935 851 987; x_wconf 85' lang='lat' dir='ltr'>insignem,</span> <span class='ocrx_word' id='word_1_44' title='bbox 879 934 977 974; x_wconf 90' lang='lat' dir='ltr'><strong>urbe</strong></span> <span class='ocrx_word' id='word_1_45' title='bbox 1003 934 1120 975; x_wconf 78' lang='lat' dir='ltr'><strong>Naxo</strong></span> <span class='ocrx_word' id='word_1_46' title='bbox 1142 949 1167 975; x_wconf 85' lang='lat' dir='ltr'><strong>a</strong></span> <span class='ocrx_word' id='word_1_47' title='bbox 1180 935 1368 988; x_wconf 84' lang='lat' dir='ltr'><strong>Dionysio</strong></span> <span class='ocrx_word' id='word_1_48' title='bbox 1381 935 1553 987; x_wconf 81' lang='lat' dir='ltr'><strong>diruta‚&#39;</strong></span> 
     </span>
     <span class='ocr_line' id='line_1_8' title="bbox 232 1024 1536 1078; baseline 0.001 -15"><span class='ocrx_word' id='word_1_49' title='bbox 232 1024 335 1063; x_wconf 85' lang='lat' dir='ltr'><strong>cives</strong></span> <span class='ocrx_word' id='word_1_50' title='bbox 375 1024 566 1076; x_wconf 87' lang='lat' dir='ltr'><strong>dispersos</strong></span> <span class='ocrx_word' id='word_1_51' title='bbox 622 1024 821 1076; x_wconf 79' lang='lat' dir='ltr'>collegisse</span> <span class='ocrx_word' id='word_1_52' title='bbox 875 1027 994 1076; x_wconf 82' lang='lat' dir='ltr'><strong>atque</strong></span> <span class='ocrx_word' id='word_1_53' title='bbox 1033 1025 1073 1064; x_wconf 91' lang='lat' dir='ltr'><strong>in</strong></span> <span class='ocrx_word' id='word_1_54' title='bbox 1113 1025 1210 1064; x_wconf 91' lang='lat' dir='ltr'><strong>colle</strong></span> <span class='ocrx_word' id='word_1_55' title='bbox 1249 1025 1380 1065; x_wconf 80' lang='lat' dir='ltr'>Tauro</span> <span class='ocrx_word' id='word_1_56' title='bbox 1415 1037 1536 1078; x_wconf 83' lang='lat' dir='ltr'><strong>prope</strong></span> 
     </span>
     <span class='ocr_line' id='line_1_9' title="bbox 230 1113 1532 1166; baseline 0.001 -13"><span class='ocrx_word' id='word_1_57' title='bbox 230 1113 372 1154; x_wconf 79' lang='lat' dir='ltr'><strong>rudera</strong></span> <span class='ocrx_word' id='word_1_58' title='bbox 412 1115 554 1154; x_wconf 84' lang='lat' dir='ltr'><strong>veteris</strong></span> <span class='ocrx_word' id='word_1_59' title='bbox 594 1115 701 1153; x_wconf 87' lang='lat' dir='ltr'><strong>urbis</strong></span> <span class='ocrx_word' id='word_1_60' title='bbox 741 1114 1042 1154; x_wconf 82' lang='lat' dir='ltr'><strong>Tauromenium</strong></span> <span class='ocrx_word' id='word_1_61' title='bbox 1082 1115 1317 1166; x_wconf 81' lang='lat' dir='ltr'><strong>condidisse,</strong></span> <span class='ocrx_word' id='word_1_62' title='bbox 1358 1114 1436 1154; x_wconf 69' lang='grc' dir='ltr'><em>απὸ</em></span> <span class='ocrx_word' id='word_1_63' title='bbox 1463 1119 1532 1164; x_wconf 77' lang='grc' dir='ltr'><strong>τῆς</strong></span> 
     </span>
     <span class='ocr_line' id='line_1_10' title="bbox 231 1201 1531 1255; baseline 0.002 -14"><span class='ocrx_word' id='word_1_64' title='bbox 231 1201 292 1242; x_wconf 80' lang='grc' dir='ltr'><strong>ἐπὶ</strong></span> <span class='ocrx_word' id='word_1_65' title='bbox 337 1208 401 1242; x_wconf 88' lang='grc' dir='ltr'><strong>τοῦ</strong></span> <span class='ocrx_word' id='word_1_66' title='bbox 443 1205 590 1252; x_wconf 59' lang='grc' dir='ltr'><em>Ταπίρου</em></span> <span class='ocrx_word' id='word_1_67' title='bbox 617 1207 753 1251; x_wconf 66' lang='grc' dir='ltr'><em>μονῆς,</em></span> <span class='ocrx_word' id='word_1_68' title='bbox 783 1208 827 1243; x_wconf 90' lang='lat' dir='ltr'><strong>ut</strong></span> <span class='ocrx_word' id='word_1_69' title='bbox 858 1204 913 1243; x_wconf 84' lang='lat' dir='ltr'><strong>ait</strong></span> <span class='ocrx_word' id='word_1_70' title='bbox 940 1204 1077 1255; x_wconf 86' lang='lat' dir='ltr'><strong>Diod.,</strong></span> <span class='ocrx_word' id='word_1_71' title='bbox 1105 1204 1348 1244; x_wconf 81' lang='lat' dir='ltr'><strong>nominatum</strong></span> <span class='ocrx_word' id='word_1_72' title='bbox 1377 1203 1456 1255; x_wconf 81' lang='lat' dir='ltr'><strong>(Of.</strong></span> <span class='ocrx_word' id='word_1_73' title='bbox 1483 1204 1531 1244; x_wconf 88' lang='lat' dir='ltr'><strong>L.</strong></span> 
     </span>
     <span class='ocr_line' id='line_1_11' title="bbox 232 1293 1532 1354; baseline -0.001 -22"><span class='ocrx_word' id='word_1_74' title='bbox 232 1293 357 1344; x_wconf 89' lang='lat' dir='ltr'>XIV,</span> <span class='ocrx_word' id='word_1_75' title='bbox 399 1293 497 1354; x_wconf 64' lang='lat' dir='ltr'><strong>Cap.&gt;</strong></span> <span class='ocrx_word' id='word_1_76' title='bbox 539 1296 609 1333; x_wconf 88' lang='lat'><strong>59:</strong></span> <span class='ocrx_word' id='word_1_77' title='bbox 651 1297 719 1342; x_wconf 86' lang='grc' dir='ltr'><em>τὴν</em></span> <span class='ocrx_word' id='word_1_78' title='bbox 760 1293 868 1333; x_wconf 81' lang='grc' dir='ltr'><em>πόλιν</em></span> <span class='ocrx_word' id='word_1_79' title='bbox 910 1294 971 1333; x_wconf 74' lang='grc' dir='ltr'><em>δια</em></span> <span class='ocrx_word' id='word_1_80' title='bbox 1012 1295 1057 1332; x_wconf 89' lang='grc' dir='ltr'><strong>τὸ</strong></span> <span class='ocrx_word' id='word_1_81' title='bbox 1099 1298 1225 1340; x_wconf 79' lang='grc' dir='ltr'><em>μεῖναι</em></span> <span class='ocrx_word' id='word_1_82' title='bbox 1261 1293 1348 1339; x_wconf 72' lang='grc' dir='ltr'><em>τοὺς</em></span> <span class='ocrx_word' id='word_1_83' title='bbox 1376 1294 1438 1331; x_wconf 76' lang='grc' dir='ltr'><strong>ἐπὶ</strong></span> <span class='ocrx_word' id='word_1_84' title='bbox 1467 1294 1532 1332; x_wconf 85' lang='grc' dir='ltr'><em>τὸν</em></span> 
     </span>
     <span class='ocr_line' id='line_1_12' title="bbox 230 1381 1234 1435; baseline 0.002 -14"><span class='ocrx_word' id='word_1_85' title='bbox 230 1386 376 1431; x_wconf 85' lang='grc' dir='ltr'><em>Ταῦρον</em></span> <span class='ocrx_word' id='word_1_86' title='bbox 403 1381 677 1432; x_wconf 64' lang='grc' dir='ltr'><em>ἀθροισθέντας</em></span> <span class='ocrx_word' id='word_1_87' title='bbox 704 1382 950 1433; x_wconf 80' lang='grc' dir='ltr'><em>Ταυρομένιον</em></span> <span class='ocrx_word' id='word_1_88' title='bbox 978 1382 1206 1435; x_wconf 80' lang='grc' dir='ltr'><em>ὠνόμασαν).</em></span> <span class='ocrx_word' id='word_1_89' title='bbox 1230 1392 1234 1394; x_wconf 63' lang='grc'><strong>“</strong></span> 
     </span>
    </p>

    <p class='ocr_par' dir='ltr' id='par_1_5' title="bbox 230 1473 1543 2434">
     <span class='ocr_line' id='line_1_13' title="bbox 286 1473 1532 1526; baseline 0 -14"><span class='ocrx_word' id='word_1_90' title='bbox 286 1473 389 1512; x_wconf 82' lang='lat' dir='ltr'><strong>Eum</strong></span> <span class='ocrx_word' id='word_1_91' title='bbox 412 1477 581 1526; x_wconf 64' lang='lat' dir='ltr'><strong>&gt;patrem</strong></span> <span class='ocrx_word' id='word_1_92' title='bbox 620 1474 770 1513; x_wconf 77' lang='lat' dir='ltr'><strong>Timaei</strong></span> <span class='ocrx_word' id='word_1_93' title='bbox 800 1473 973 1513; x_wconf 77' lang='lat' dir='ltr'><strong>historici</strong></span> <span class='ocrx_word' id='word_1_94' title='bbox 1001 1474 1120 1513; x_wconf 88' lang='lat' dir='ltr'><strong>fuisse</strong></span> <span class='ocrx_word' id='word_1_95' title='bbox 1147 1476 1342 1513; x_wconf 77' lang='lat' dir='ltr'><strong>testantur</strong></span> <span class='ocrx_word' id='word_1_96' title='bbox 1370 1476 1409 1513; x_wconf 90' lang='lat' dir='ltr'><strong>et</strong></span> <span class='ocrx_word' id='word_1_97' title='bbox 1438 1473 1532 1512; x_wconf 92' lang='lat' dir='ltr'><strong>Plu-</strong></span> 
     </span>
     <span class='ocr_line' id='line_1_14' title="bbox 231 1563 1532 1616; baseline -0.001 -12"><span class='ocrx_word' id='word_1_98' title='bbox 231 1564 391 1604; x_wconf 82' lang='lat' dir='ltr'><strong>tarchus</strong></span> <span class='ocrx_word' id='word_1_99' title='bbox 432 1568 470 1604; x_wconf 94' lang='lat' dir='ltr'><strong>et</strong></span> <span class='ocrx_word' id='word_1_100' title='bbox 512 1564 704 1604; x_wconf 85' lang='lat' dir='ltr'><strong>Diodorus</strong></span> <span class='ocrx_word' id='word_1_101' title='bbox 742 1566 796 1605; x_wconf 94' lang='grc'>1.1.</span> <span class='ocrx_word' id='word_1_102' title='bbox 839 1569 878 1605; x_wconf 89' lang='lat' dir='ltr'><strong>et</strong></span> <span class='ocrx_word' id='word_1_103' title='bbox 920 1565 1170 1605; x_wconf 81' lang='lat' dir='ltr'><strong>Marcellinus</strong></span> <span class='ocrx_word' id='word_1_104' title='bbox 1196 1564 1238 1603; x_wconf 94' lang='lat' dir='ltr'><strong>in</strong></span> <span class='ocrx_word' id='word_1_105' title='bbox 1265 1564 1347 1604; x_wconf 84' lang='lat' dir='ltr'><strong>vita</strong></span> <span class='ocrx_word' id='word_1_106' title='bbox 1375 1563 1532 1616; x_wconf 80' lang='lat' dir='ltr'><strong>Thucy-</strong></span> 
     </span>
     <span class='ocr_line' id='line_1_15' title="bbox 233 1653 1533 1706; baseline -0.002 -11"><span class='ocrx_word' id='word_1_107' title='bbox 233 1655 332 1695; x_wconf 86' lang='lat' dir='ltr'><strong>didis</strong></span> <span class='ocrx_word' id='word_1_108' title='bbox 360 1656 382 1706; x_wconf 66' lang='grc' dir='ltr'>ξ</span> <span class='ocrx_word' id='word_1_109' title='bbox 409 1657 481 1695; x_wconf 81' lang='lat'><strong>27:</strong></span> <span class='ocrx_word' id='word_1_110' title='bbox 510 1654 674 1701; x_wconf 80' lang='grc' dir='ltr'><em>Τίμαιος</em></span> <span class='ocrx_word' id='word_1_111' title='bbox 699 1654 730 1692; x_wconf 76' lang='grc' dir='ltr'><strong>δ’</strong></span> <span class='ocrx_word' id='word_1_112' title='bbox 758 1654 774 1693; x_wconf 83' lang='grc' dir='ltr'>ὁ</span> <span class='ocrx_word' id='word_1_113' title='bbox 801 1654 1078 1703; x_wconf 77' lang='grc' dir='ltr'><em>Ταυρομενίτης</em></span> <span class='ocrx_word' id='word_1_114' title='bbox 1107 1653 1345 1701; x_wconf 77' lang='grc' dir='ltr'><em>Τιμολέοντα</em></span> <span class='ocrx_word' id='word_1_115' title='bbox 1373 1654 1533 1702; x_wconf 82' lang='grc' dir='ltr'><em>ὑπερεπ-</em></span> 
     </span>
     <span class='ocr_line' id='line_1_16' title="bbox 235 1741 1536 1795; baseline -0.002 -12"><span class='ocrx_word' id='word_1_116' title='bbox 235 1746 342 1793; x_wconf 72' lang='grc' dir='ltr'><em>ῄνεσε</em></span> <span class='ocrx_word' id='word_1_117' title='bbox 386 1746 451 1783; x_wconf 83' lang='grc' dir='ltr'><strong>τοῦ</strong></span> <span class='ocrx_word' id='word_1_118' title='bbox 492 1744 664 1795; x_wconf 83' lang='grc' dir='ltr'><em>μετρίου,</em></span> <span class='ocrx_word' id='word_1_119' title='bbox 690 1743 827 1783; x_wconf 68' lang='grc' dir='ltr'><em>καθότι</em></span> <span class='ocrx_word' id='word_1_120' title='bbox 855 1741 1112 1792; x_wconf 75' lang='grc' dir='ltr'><em>Ἀνδρόμαχον</em></span> <span class='ocrx_word' id='word_1_121' title='bbox 1138 1744 1202 1782; x_wconf 90' lang='grc' dir='ltr'><em>τὸν</em></span> <span class='ocrx_word' id='word_1_122' title='bbox 1230 1744 1362 1783; x_wconf 81' lang='grc' dir='ltr'><em>ἑαυτοῦ</em></span> <span class='ocrx_word' id='word_1_123' title='bbox 1386 1743 1536 1791; x_wconf 82' lang='grc' dir='ltr'><em>πατέρα</em></span> 
     </span>
     <span class='ocr_line' id='line_1_17' title="bbox 235 1822 1534 1886; baseline 0 -12"><span class='ocrx_word' id='word_1_124' title='bbox 235 1835 274 1874; x_wconf 82' lang='grc' dir='ltr'><strong>οὐ</strong></span> <span class='ocrx_word' id='word_1_125' title='bbox 322 1834 510 1873; x_wconf 80' lang='grc' dir='ltr'><em>κατέλυσε</em></span> <span class='ocrx_word' id='word_1_126' title='bbox 551 1822 618 1879; x_wconf 78' lang='grc' dir='ltr'><strong>τῆς</strong></span> <span class='ocrx_word' id='word_1_127' title='bbox 658 1834 882 1882; x_wconf 79' lang='grc' dir='ltr'><em>μοναρχίας.</em></span> <span class='ocrx_word' id='word_1_128' title='bbox 925 1835 1118 1886; x_wconf 83' lang='lat' dir='ltr'><strong>Opinatur</strong></span> <span class='ocrx_word' id='word_1_129' title='bbox 1157 1848 1310 1886; x_wconf 91' lang='lat' dir='ltr'><strong>quoque</strong></span> <span class='ocrx_word' id='word_1_130' title='bbox 1346 1835 1534 1886; x_wconf 86' lang='lat' dir='ltr'><strong>Polybius</strong></span> 
     </span>
     <span class='ocr_line' id='line_1_18' title="bbox 233 1924 1538 1977; baseline -0.002 -13"><span class='ocrx_word' id='word_1_131' title='bbox 233 1925 577 1964; x_wconf 84' lang='lat' dir='ltr'><strong>vehementissima</strong></span> <span class='ocrx_word' id='word_1_132' title='bbox 605 1924 777 1963; x_wconf 70' lang='lat' dir='ltr'><strong>convicia</strong></span> <span class='ocrx_word' id='word_1_133' title='bbox 804 1925 844 1963; x_wconf 90' lang='lat' dir='ltr'><strong>in</strong></span> <span class='ocrx_word' id='word_1_134' title='bbox 868 1924 1070 1962; x_wconf 84' lang='lat' dir='ltr'><strong>Timaeum</strong></span> <span class='ocrx_word' id='word_1_135' title='bbox 1085 1924 1284 1963; x_wconf 85' lang='lat' dir='ltr'><strong>effundens</strong></span> <span class='ocrx_word' id='word_1_136' title='bbox 1301 1924 1404 1963; x_wconf 88' lang='lat' dir='ltr'><strong>hunc</strong></span> <span class='ocrx_word' id='word_1_137' title='bbox 1418 1924 1538 1977; x_wconf 88' lang='lat' dir='ltr'><strong>scrip-</strong></span> 
     </span>
     <span class='ocr_line' id='line_1_19' title="bbox 233 2015 1535 2067; baseline -0.001 -11"><span class='ocrx_word' id='word_1_138' title='bbox 233 2020 365 2056; x_wconf 87' lang='lat' dir='ltr'><strong>torem</strong></span> <span class='ocrx_word' id='word_1_139' title='bbox 407 2016 641 2055; x_wconf 87' lang='lat' dir='ltr'><strong>Timoleonti</strong></span> <span class='ocrx_word' id='word_1_140' title='bbox 679 2017 820 2056; x_wconf 81' lang='lat' dir='ltr'><strong>nimias</strong></span> <span class='ocrx_word' id='word_1_141' title='bbox 864 2016 1046 2055; x_wconf 84' lang='lat' dir='ltr'><strong>tribuisse</strong></span> <span class='ocrx_word' id='word_1_142' title='bbox 1085 2015 1231 2055; x_wconf 86' lang='lat' dir='ltr'><strong>laudes.</strong></span> <span class='ocrx_word' id='word_1_143' title='bbox 1274 2015 1364 2067; x_wconf 90' lang='lat' dir='ltr'><strong>Ipse</strong></span> <span class='ocrx_word' id='word_1_144' title='bbox 1404 2020 1535 2056; x_wconf 80' lang='lat' dir='ltr'><strong>tamen</strong></span> 
     </span>
     <span class='ocr_line' id='line_1_20' title="bbox 231 2106 1538 2161; baseline -0.001 -14"><span class='ocrx_word' id='word_1_145' title='bbox 231 2107 423 2161; x_wconf 84' lang='lat' dir='ltr'><strong>Polybius</strong></span> <span class='ocrx_word' id='word_1_146' title='bbox 464 2107 711 2161; x_wconf 84' lang='lat' dir='ltr'><strong>vituperandi</strong></span> <span class='ocrx_word' id='word_1_147' title='bbox 738 2106 886 2159; x_wconf 87' lang='lat' dir='ltr'><strong>studio,</strong></span> <span class='ocrx_word' id='word_1_148' title='bbox 916 2111 961 2147; x_wconf 90' lang='lat' dir='ltr'><strong>ut</strong></span> <span class='ocrx_word' id='word_1_149' title='bbox 987 2111 1105 2161; x_wconf 89' lang='lat' dir='ltr'><strong>puto,</strong></span> <span class='ocrx_word' id='word_1_150' title='bbox 1133 2107 1314 2147; x_wconf 88' lang='lat' dir='ltr'><strong>incensus</strong></span> <span class='ocrx_word' id='word_1_151' title='bbox 1344 2106 1438 2147; x_wconf 82' lang='lat' dir='ltr'><strong>satis</strong></span> <span class='ocrx_word' id='word_1_152' title='bbox 1465 2106 1538 2147; x_wconf 92' lang='lat' dir='ltr'><strong>ini-</strong></span> 
     </span>
     <span class='ocr_line' id='line_1_21' title="bbox 230 2196 1539 2251; baseline -0.001 -14"><span class='ocrx_word' id='word_1_153' title='bbox 230 2211 356 2251; x_wconf 90' lang='lat' dir='ltr'><strong>quum</strong></span> <span class='ocrx_word' id='word_1_154' title='bbox 388 2199 575 2237; x_wconf 90' lang='lat' dir='ltr'><strong>iudicium</strong></span> <span class='ocrx_word' id='word_1_155' title='bbox 604 2198 652 2238; x_wconf 85' lang='lat' dir='ltr'><strong>de</strong></span> <span class='ocrx_word' id='word_1_156' title='bbox 680 2199 920 2238; x_wconf 86' lang='lat' dir='ltr'><strong>Timoleonte</strong></span> <span class='ocrx_word' id='word_1_157' title='bbox 946 2199 1046 2237; x_wconf 84' lang='lat' dir='ltr'><strong>ferre</strong></span> <span class='ocrx_word' id='word_1_158' title='bbox 1073 2198 1237 2237; x_wconf 86' lang='lat' dir='ltr'><strong>videtur.</strong></span> <span class='ocrx_word' id='word_1_159' title='bbox 1253 2198 1304 2236; x_wconf 89' lang='lat' dir='ltr'><strong>V.</strong></span> <span class='ocrx_word' id='word_1_160' title='bbox 1322 2196 1539 2249; x_wconf 79' lang='lat' dir='ltr'><strong>fragmenta</strong></span> 
     </span>
     <span class='ocr_line' id='line_1_22' title="bbox 234 2288 1543 2341; baseline -0.001 -12"><span class='ocrx_word' id='word_1_161' title='bbox 234 2289 281 2329; x_wconf 89' lang='lat' dir='ltr'><strong>L.</strong></span> <span class='ocrx_word' id='word_1_162' title='bbox 326 2288 434 2340; x_wconf 92' lang='lat' dir='ltr'>XII,</span> <span class='ocrx_word' id='word_1_163' title='bbox 476 2288 572 2341; x_wconf 86' lang='lat' dir='ltr'>Cap.</span> <span class='ocrx_word' id='word_1_164' title='bbox 612 2291 662 2329; x_wconf 86' lang='lat'><strong>23</strong></span> <span class='ocrx_word' id='word_1_165' title='bbox 691 2288 750 2329; x_wconf 90' lang='lat' dir='ltr'><strong>ed.</strong></span> <span class='ocrx_word' id='word_1_166' title='bbox 783 2289 922 2329; x_wconf 86' lang='lat' dir='ltr'><strong>Dind.:</strong></span> <span class='ocrx_word' id='word_1_167' title='bbox 955 2289 997 2328; x_wconf 84' lang='lat' dir='ltr'><strong>Si</strong></span> <span class='ocrx_word' id='word_1_168' title='bbox 1027 2288 1325 2340; x_wconf 81' lang='lat' dir='ltr'><strong>Callisthenem,</strong></span> <span class='ocrx_word' id='word_1_169' title='bbox 1354 2289 1429 2340; x_wconf 81' lang='lat' dir='ltr'><strong>ait,</strong></span> <span class='ocrx_word' id='word_1_170' title='bbox 1458 2289 1543 2329; x_wconf 86' lang='lat' dir='ltr'><strong>iure</strong></span> 
     </span>
     <span class='ocr_line' id='line_1_23' title="bbox 234 2379 1543 2434; baseline -0.003 -13"><span class='ocrx_word' id='word_1_171' title='bbox 234 2385 273 2421; x_wconf 88' lang='lat' dir='ltr'><strong>et</strong></span> <span class='ocrx_word' id='word_1_172' title='bbox 320 2381 459 2421; x_wconf 90' lang='lat' dir='ltr'><strong>merito</strong></span> <span class='ocrx_word' id='word_1_173' title='bbox 500 2384 661 2434; x_wconf 87' lang='lat' dir='ltr'><strong>propter</strong></span> <span class='ocrx_word' id='word_1_174' title='bbox 703 2380 801 2419; x_wconf 79' lang='lat' dir='ltr'><strong>iram</strong></span> <span class='ocrx_word' id='word_1_175' title='bbox 839 2379 1011 2419; x_wconf 85' lang='lat' dir='ltr'><strong>divinam</strong></span> <span class='ocrx_word' id='word_1_176' title='bbox 1036 2382 1232 2418; x_wconf 82' lang='lat' dir='ltr'><strong>mortuum</strong></span> <span class='ocrx_word' id='word_1_177' title='bbox 1261 2391 1343 2418; x_wconf 89' lang='lat' dir='ltr'><strong>esse</strong></span> <span class='ocrx_word' id='word_1_178' title='bbox 1369 2382 1543 2418; x_wconf 82' lang='lat' dir='ltr'><strong>statuen-</strong></span> 
     </span>
    </p>
   </div>
   <div class='ocr_carea' id='block_1_5' title="bbox 240 2461 1547 2526">
    <p class='ocr_par' dir='ltr' id='par_1_6' title="bbox 240 2461 1547 2526">
     <span class='ocr_line' id='line_1_24' title="bbox 240 2461 1547 2526; baseline -0.002 -13"><span class='ocrx_word' id='word_1_179' title='bbox 240 2473 354 2525; x_wconf 84' lang='lat' dir='ltr'><strong>dum,</strong></span> <span class='ocrx_word' id='word_1_180' title='bbox 395 2461 491 2526; x_wconf 63' lang='lat' dir='ltr'><strong>&#39;quid</strong></span> <span class='ocrx_word' id='word_1_181' title='bbox 535 2473 653 2513; x_wconf 79' lang='lat' dir='ltr'><strong>facias</strong></span> <span class='ocrx_word' id='word_1_182' title='bbox 689 2472 878 2512; x_wconf 81' lang='lat' dir='ltr'><strong>Timaeo?</strong></span> <span class='ocrx_word' id='word_1_183' title='bbox 907 2471 1010 2511; x_wconf 85' lang='lat' dir='ltr'><strong>Nam</strong></span> <span class='ocrx_word' id='word_1_184' title='bbox 1037 2472 1161 2511; x_wconf 84' lang='lat' dir='ltr'><strong>multo</strong></span> <span class='ocrx_word' id='word_1_185' title='bbox 1188 2472 1312 2523; x_wconf 85' lang='lat' dir='ltr'><strong>magis</strong></span> <span class='ocrx_word' id='word_1_186' title='bbox 1340 2471 1430 2511; x_wconf 88' lang='lat' dir='ltr'><strong>deos</strong></span> <span class='ocrx_word' id='word_1_187' title='bbox 1456 2471 1547 2511; x_wconf 90' lang='lat' dir='ltr'><strong>huic</strong></span> 
     </span>
    </p>
   </div>
   <div class='ocr_carea' id='block_1_6' title="bbox 1360 2561 1384 2602">
    <p class='ocr_par' dir='ltr' id='par_1_7' title="bbox 1360 2561 1384 2602">
     <span class='ocr_line' id='line_1_25' title="bbox 1360 2561 1384 2602; baseline 0 0"><span class='ocrx_word' id='word_1_188' title='bbox 1360 2561 1384 2602; x_wconf 81' lang='lat'><strong>2</strong></span> 
     </span>
    </p>
   </div>
  </div>
 </body>
</html>
