1785 2956
859 249 909 287 65

227 385 370 433 ἀγορᾶς
413 385 474 422 ἐπὶ
518 383 672 433 ξείνους
715 384 804 433 πρὸς
831 384 872 424 τὸ
901 383 1062 433 θέατρον
1092 385 1283 433 ἐπορεύετο
1312 385 1388 427 κτὲ.
1422 385 1522 438 Nep.

230 450 326 526 Cap.
371 474 457 525 IV,
499 476 521 524 ἓ
549 477 595 513 2:
629 474 846 523 „Veniebat
874 479 1007 514 autem
1034 476 1074 514 in
1102 476 1300 527 theatrum
1316 506 1326 526 ,
1355 489 1443 515 cum
1473 475 1528 514 ibi

229 564 436 603 concilium
452 558 460 565 ⁴
479 564 612 616 populi
652 563 861 605 haberetur
876 594 887 615 ,
916 568 1072 617 propter
1100 565 1362 605 valetudinem
1389 568 1524 605 vectus

230 654 414 711 iumentis
454 654 617 704 iunctis,
660 657 778 706 atque
804 654 860 693 ita
886 653 934 693 de
960 654 1137 694 vehiculo
1164 666 1263 707 quae
1291 654 1523 695 videbantur

230 744 420 783 dicebat.''

680 923 817 962 GAP.
858 924 1097 963 XXXIX.

286 1084 480 1141 Describit
509 1102 743 1142 Plutarchus
771 1103 940 1142 edictum
972 1103 1303 1155 Syracusanorum
1332 1104 1372 1142 in
1401 1103 1529 1142 Timo-

232 1192 370 1231 leontis
425 1193 621 1245 exsequiis
660 1205 752 1233 voce
812 1193 1010 1245 praeconis
1063 1193 1371 1245 pronunciatum.
1414 1192 1534 1246 Apud

231 1265 344 1319 Diod.
387 1281 433 1319 L.
477 1281 581 1321 XVI
595 1311 618 1338 ,q
650 1282 744 1333 Cap.
784 1284 835 1320 90
872 1282 1008 1320 iisdem
1035 1282 1115 1320 fere
1144 1282 1273 1320 verbis
1301 1295 1530 1334 expressum

229 1374 374 1424 legitur
417 1377 544 1412 totum
582 1373 751 1412 edictum
767 1403 777 1422 ‚
818 1373 894 1411 nisi
938 1372 1041 1423 quod
1071 1371 1174 1423 apud
1201 1384 1311 1421 eum,
1340 1376 1383 1410 ut
1412 1384 1530 1423 supra

231 1461 419 1513 vidimus,
463 1465 574 1515 pater
603 1461 856 1501 Timoleontis
885 1459 1113 1507 Τιμαίνετος
1143 1459 1274 1510 audit,
1303 1472 1380 1499 non
1408 1461 1530 1507 Τιμό-

232 1551 358 1597 δημος.
408 1552 456 1590 In
498 1556 630 1591 nostro
673 1552 799 1603 capite
840 1551 1010 1589 edictum
1046 1550 1180 1588 finitur
1207 1550 1268 1588 his
1296 1550 1445 1588 verbis:
1474 1552 1528 1588 ὅτι

231 1641 318 1687 τοὺς
359 1641 555 1691 τυράννους
596 1640 819 1686 καταλύσας
862 1643 928 1679 καὶ
957 1639 1040 1685 τοὺς
1072 1640 1286 1688 βαρβάρους
1313 1648 1531 1679 καταπολε-

232 1731 361 1778 μήσας
383 1731 467 1771 καὶ
510 1731 581 1775 τὰς
622 1732 814 1778 μεγίστας
853 1733 929 1781 τῷν
956 1729 1180 1768 ἀναστάτων
1212 1729 1354 1768 πόλεων
1385 1730 1527 1775 οἰκίσας

232 1821 406 1860 ἀπέδωκε
448 1822 534 1865 τοὺς
579 1822 709 1868 νόμους
737 1826 814 1866 τοῖς
844 1819 1100 1865 Σικελιώταις.
1132 1820 1209 1859 Sed
1239 1821 1352 1859 Diod.
1384 1820 1527 1859 habet:

234 1913 299 1951 καὶ
327 1910 399 1956 τὰς
426 1911 616 1958 μεγίστοις
645 1914 719 1950 τῶν
747 1910 969 1955 Ἑλληνίδων
997 1907 1137 1949 πόλεων
1168 1910 1375 1954 οἷνοικίσας
1392 1940 1402 1960 ,
1427 1909 1530 1961 quod

236 2000 399 2039 verbum
429 2001 534 2040 haud
562 2001 678 2053 paulo
706 2001 843 2039 melius
870 2000 1084 2061 sententiae
1098 2000 1303 2038 convenire
1316 1998 1412 2037 mihi
1426 1999 1530 2038 vide-

235 2093 300 2129 tur
343 2103 462 2142 quam
491 2090 594 2143 quod
621 2103 690 2143 pro
719 2090 952 2130 Plutarcheo
983 2089 1098 2128 datur
1126 2087 1282 2137 οἰκίζειν.
1313 2088 1401 2127 Non
1429 2088 1532 2127 enim

236 2181 405 2231 primum
449 2181 628 2221 condidit
672 2181 872 2220 Timoleon
909 2180 1025 2220 urbes
1061 2181 1101 2219 in
1128 2180 1255 2218 insula
1284 2178 1438 2229 Sicilia,
1468 2179 1535 2218 sed

244 2270 443 2320 perpetuis
471 2270 582 2309 bellis
612 2269 759 2308 dirutas
787 2272 826 2308 et
851 2270 932 2309 solo
946 2273 1133 2320 aequatas
1148 2250 1318 2307 restituit
1332 2271 1371 2307 et
1388 2269 1535 2308 instau-

240 2358 357 2397 ravit.
389 2357 448 2398 Of.
480 2372 597 2411 supra
625 2361 811 2398 annotata
838 2357 888 2397 ad
916 2357 1009 2410 Cap.
1038 2356 1225 2407 XXXV,
1253 2357 1319 2396 ubi
1334 2370 1403 2409 pro
1417 2355 1537 2406 κατῴ-

246 2462 356 2488 κισαν
401 2451 667 2503 rescripsimus
710 2448 913 2499 οἷνςέκισαν,
958 2450 1070 2501 plane
1111 2449 1243 2488 eodem
1287 2462 1400 2487 sensu
1425 2449 1538 2488 etde

1405 2541 1428 2579 5
