1785 2956
850 276 900 313 49

224 413 299 452 nisi
338 417 528 465 apparatu
544 443 554 463 ,
593 413 674 452 eod.
717 413 845 452 Palat.
888 413 981 452 (lare
1010 409 1136 452 εἵπετο
1165 412 1383 465 κεκραγῶ,·;
1413 415 1521 467 prius

226 504 457 553 vocabulum
497 517 575 543 non
602 503 814 543 absurdum
842 503 996 543 videtur
1010 533 1021 554 ,
1050 502 1117 542 sed
1144 504 1257 543 facile
1286 488 1370 543 lieri
1397 505 1525 557 potuit

226 597 271 632 ut
321 593 427 633 Plut.
477 607 528 633 ex
577 593 799 646 aequalium
847 606 969 645 prava
1009 593 1286 633 consuetudine
1327 594 1524 647 scripserit

227 681 364 722 ἵπτατο
407 697 477 735 pro
514 675 690 734 ἐπέτετο;
717 683 766 722 de
792 683 932 722 vitiosa
959 683 1084 722 forma
1109 680 1279 730 ἵπτοιμοιι
1308 684 1356 722 ef.
1383 683 1442 736 V.⁴
1465 683 1524 722 CI.

229 773 418 812 Cobetum
444 774 484 812 in
511 773 562 812 V.
591 773 659 823 L.,
687 786 776 825 pag.
802 770 897 811 306.
926 772 1004 812 Sed
1032 772 1079 812 de
1106 774 1236 812 sonitu
1263 778 1302 812 et
1321 774 1523 825 clangore,

227 874 343 915 quem
372 874 463 902 aves
490 861 677 914 reddunt,
696 862 850 915 proprie
864 865 1074 916 usurpatur
1087 863 1302 916 perfectum
1316 862 1525 910 κέκλαγγοι

228 954 322 1003 (non
364 952 581 1003 κέκλαγοι),
621 966 683 1005 ap.
725 953 941 993 Homerum
971 951 1122 1001 κλάζω,
1152 952 1330 1014 ἔκλαγξοο
1359 946 1399 992 et
1429 955 1525 1006 perf.

227 1041 430 1093 κέκληγοι,,
448 1056 548 1095 quae
574 1029 689 1095 saepe
716 1048 944 1095 occurrunt,
973 1029 1061 1083 eum
1091 1044 1335 1083 substantivo
1362 1045 1523 1090 κλαγγή

226 1132 365 1182 (veluti
393 1132 526 1171 Iliadis
554 1132 652 1171 libro
678 1132 822 1184 primo,
852 1131 900 1172 de
928 1145 1021 1172 areu
1048 1136 1088 1172 et
1119 1132 1272 1184 sagittis
1296 1132 1521 1185 Apollinis).

228 1222 287 1261 Of.
316 1235 349 1261 e.
379 1235 416 1274 g.
446 1223 573 1261 locum
600 1226 643 1260 M
674 1220 773 1273 20¹7,
801 1223 895 1261 item
916 1193 969 1261 ’de
997 1223 1127 1274 aquila
1155 1226 1373 1274 serpentem
1387 1222 1527 1274 ungui-

226 1312 300 1351 bus
328 1312 498 1352 ferente:

420 1401 537 1445 aava:
564 1399 602 1438 δὲ
629 1398 860 1447 κλάγξας
891 1394 1030 1449 Φέρετο
1056 1406 1182 1449 πνοιῇς
1210 1400 1369 1448 άνέμοιο.

227 1496 261 1529 Π
290 1492 390 1530 428;
419 1491 450 1529 οἱ
479 1488 618 1535 δ’,ὥστ“
646 1490 819 1537 αἰγυπιοὶ
849 1490 1137 1541 γαμψώνυχες,
1165 1491 1472 1540 ἀγκυλοχεῖλαι,

418 1580 533 1629 πέτρῃ
561 1581 612 1629 ἐφ
639 1581 780 1631 ’ὑψηλῇ
807 1583 971 1627 μεγάλοι
999 1579 1242 1629 κλάζοντε
1269 1579 1497 1629 μάχωνται,

421 1672 467 1715 ὣς
505 1667 537 1709 οἳ
576 1671 910 1716 κεκλήγοντες
951 1671 1100 1721 (Bekk.
1132 1673 1291 1721 -γῶτες)
1318 1671 1379 1709 ἐπ’
1407 1672 1528 1716 ἀλλή-

1170 1769 1284 1800 λοισιν
1312 1759 1474 1810 ὄρουσαν.

227 1860 252 1891 λ
283 1853 380 1891 605;
419 1850 523 1901 ἀμφὶ
551 1850 589 1889 δέ
616 1864 681 1898 μιν
711 1852 917 1899 κλαγγὴ
946 1849 1080 1889 νεκύων
1113 1847 1155 1894 ἦν
1183 1851 1313 1890 οἰωνῶν
1340 1849 1399 1896 ὥς.

230 1949 258 1982 Γ
290 1946 334 1983 3:
426 1943 514 1987 ἠΰτε
543 1957 611 1990 περ
640 1947 851 1991 κλαγγὴ
878 1941 1042 1990 γεράνων
1069 1942 1176 1980 πέλει
1205 1942 1378 1989 οὐρανόθι
1407 1941 1486 1989 πρό.

279 2034 458 2075 Atticum
484 2033 692 2083 κέκλαγγά
719 2035 863 2088 legitur
890 2033 1039 2074 duobus
1065 2033 1158 2073 locis
1185 2033 1226 2073 in
1255 2032 1526 2086 Xenophontis

229 2125 465 2178 Cynegetico
505 2123 611 2175 (ΙΙΙ,
654 2126 678 2163 9
720 2127 761 2163 et
800 2123 885 2174 VI,
916 2124 985 2174 23)
1014 2126 1053 2162 et
1080 2135 1143 2174 ap.
1173 2122 1375 2174 Aristoph.
1406 2123 1525 2175 Vesp.

228 2228 286 2255 vs.
315 2217 415 2265 929,
443 2215 690 2254 coniunctum
718 2226 806 2253 cum
835 2214 906 2252 fut.
936 2212 1032 2264 perf.
1061 2210 1353 2258 κεκλάγξομαιι

226 2303 372 2354 ἵνάμὴ
402 2303 670 2351 κεκλάγγω
699 2303 834 2355 (Dind.
858 2304 1087 2354 κεκλᾰγχω)
1103 2301 1163 2340 διὰ
1180 2305 1285 2347 κενῆς
1298 2299 1426 2346 ἄλλως
1441 2300 1528 2348 ἐγώ.

232 2395 296 2435 ἐὰν
326 2395 362 2435 δὲ
391 2395 469 2444 μή,
500 2396 544 2434 τὸ
571 2396 698 2435 λοιπὸν
726 2395 765 2434 οὗ
794 2393 1159 2442 κεκλάγξομαι.

1347 2485 1371 2523 4
