1785 2956
865 264 915 303 34

237 401 342 452 apud
369 402 544 452 Atticos,
574 402 625 441 V.
654 402 700 440 L.
726 415 762 454 p.
793 403 871 440 330
885 414 947 440 s.s.
964 400 1060 439 Inde
1074 400 1277 453 apparebit
1293 400 1549 440 Plutarchum

234 494 340 529 recte
381 504 496 529 usum
536 504 620 529 esse
648 491 853 543 participio
880 490 1065 541 πληγείς,
1097 491 1163 530 sed
1189 492 1376 531 aoristum
1404 492 1546 531 ἔπαισα

234 594 255 621 e
298 571 536 634 tragicorum
576 583 711 635 lingua
752 595 835 622 esse
862 582 1131 635 desumptum3
1160 582 1347 622 debuerat
1374 583 1500 623 dicere
1527 582 1544 622 ὅ

234 670 416 717 πατὰξας
461 684 532 723 pro
575 684 641 721 eo,
680 672 747 723 qui
774 672 917 710 vulnus
944 672 1110 723 inflixit,
1139 676 1183 711 ut
1211 673 1251 711 in
1278 673 1362 711 loco
1390 672 1546 725 Thucy-

233 761 332 801 didis
363 762 493 813 VIII,
525 764 598 813 92,
628 775 744 815 quem
772 762 907 801 laudat
936 762 987 801 V.
1018 762 1097 802 CL:
1128 761 1144 801 ὃ
1174 759 1353 812 Φρύνιχος
1379 766 1545 810 πληγεὶς

232 851 408 891 ἀπέθανε
455 855 696 901 παραχρῆμα
737 851 799 890 καὶ
832 852 847 891 ὅ
878 851 1061 898 πατάξας
1090 851 1282 902 διέφυγεν.
1311 852 1413 892 Tum
1440 854 1544 893 infra

231 943 469 983 Plutarchus
511 944 569 982 uti
610 943 764 983 videtur
806 945 981 996 optativo
1023 944 1291 995 ὦπεκτονήκσις
1332 945 1543 985 barbarum

229 1037 287 1073 est
318 1034 534 1087 perfectum
564 1033 805 1078 oin-exro'mxoe
835 1038 874 1074 et
904 1033 1239 1088 Constantinopoli
1267 1039 1403 1075 natum
1428 1035 1542 1086 (Cob.

229 1124 280 1162 N.
330 1124 375 1163 L.
421 1137 458 1176 p.
503 1125 592 1175 56);
622 1124 906 1163 restituendum
936 1125 1057 1176 igitur
1085 1120 1122 1163 ὃν
1153 1126 1288 1170 ἐκεῖνος
1308 1125 1541 1169 ἆπεκτονοίη.

720 1306 859 1345 CAP.
902 1306 1066 1345 XVII.

281 1487 405 1536 πεζῶν
459 1487 497 1525 δὲ
547 1486 731 1536 μυριάδας·
784 1482 826 1532 ἓξ
876 1486 1141 1535 ἀποβιβάζων.
1184 1486 1458 1539 Discrepantia
1498 1487 1540 1526 in

224 1592 387 1618 numero
438 1580 637 1631 copiarum
693 1578 1076 1629 Carthaginiensium
1120 1582 1178 1617 est
1219 1591 1282 1630 ap.
1325 1577 1539 1616 Diodorum

225 1671 288 1719 69,
346 1671 369 1708 3
421 1671 687 1722 (praepostere
731 1668 943 1707 adventum
983 1668 1204 1707 Poenorum
1245 1668 1407 1707 collocat
1447 1671 1539 1707 ante

224 1758 458 1797 deditionem
500 1759 600 1797 arcis
638 1762 676 1797 et
706 1758 884 1808 Insulae,
916 1771 1004 1796 cum
1034 1757 1255 1796 Corinthios
1284 1757 1469 1809 Epipolas
1498 1760 1537 1796 et

224 1848 401 1900 Tycham
440 1851 534 1886 tunc
562 1848 640 1886 iam
670 1860 877 1899 occupasse
906 1848 1003 1886 falso
1032 1847 1200 1897 tradat):
1230 1849 1354 1895 πολλὴ
1381 1849 1536 1896 ταραχὴ

222 1942 385 1987 κατεῖχε
429 1937 495 1982 τὴν
540 1937 650 1977 πόλιν
679 1937 757 1976 κτὲ.
794 1938 859 1989 (cf.
890 1951 990 1990 quae
1018 1937 1066 1977 ad
1098 1937 1192 1990 Cap.
1223 1937 1309 1976 XII
1337 1938 1538 1977 annotavi-

223 2031 328 2079 mus)
371 2052 420 2057 —
461 2028 719 2076 Καρχηδονίων
757 2029 915 2076 τριήρεσι
946 2028 1017 2074 μὲν
1048 2028 1182 2067 ἑκατὸν
1210 2029 1275 2066 καὶ
1305 2028 1538 2072 πεντήκοντα

220 2118 599 2158 κκταπεπλευκότων
628 2118 680 2164 eL·
708 2119 772 2157 τὸν
801 2118 930 2164 μέγαν
963 2117 1124 2169 λιμένα,
1153 2117 1278 2167 πεζοῖς
1306 2118 1343 2157 δὲ
1359 2119 1537 2167 στρατιώ-

221 2224 306 2255 ταις
334 2209 661 2257 πεντακισμυρίοις
689 2207 1169 2256 κατεστρκτσπεδευκότων.
