<?xml version="1.0" encoding="UTF-8"?>
<!DOCTYPE html PUBLIC "-//W3C//DTD XHTML 1.0 Transitional//EN"
    "http://www.w3.org/TR/xhtml1/DTD/xhtml1-transitional.dtd">
<html xmlns="http://www.w3.org/1999/xhtml" xml:lang="en" lang="en">
 <head>
  <title>
</title>
<meta http-equiv="Content-Type" content="text/html;charset=utf-8" />
  <meta name='ocr-system' content='tesseract 3.04.00' />
  <meta name='ocr-capabilities' content='ocr_page ocr_carea ocr_par ocr_line ocrx_word'/>
</head>
<body>
  <div class='ocr_page' id='page_1' title='image "4738089_0041.png"; bbox 0 0 1785 2956; ppageno 0'>
   <div class='ocr_carea' id='block_1_1' title="bbox 878 287 928 324">
    <p class='ocr_par' dir='ltr' id='par_1_1' title="bbox 878 287 928 324">
     <span class='ocr_line' id='line_1_1' title="bbox 878 287 928 324; baseline -0.02 0"><span class='ocrx_word' id='word_1_1' title='bbox 878 287 928 324; x_wconf 85' lang='lat'>26</span> 
     </span>
    </p>
   </div>
   <div class='ocr_carea' id='block_1_2' title="bbox 252 420 1558 477">
    <p class='ocr_par' dir='ltr' id='par_1_2' title="bbox 252 420 1558 477">
     <span class='ocr_line' id='line_1_2' title="bbox 252 420 1558 477; baseline -0.002 -13"><span class='ocrx_word' id='word_1_2' title='bbox 252 424 431 477; x_wconf 78' lang='lat' dir='ltr'>Dionysii</span> <span class='ocrx_word' id='word_1_3' title='bbox 457 424 720 465; x_wconf 76' lang='lat' dir='ltr'><strong>calamitatem</strong></span> <span class='ocrx_word' id='word_1_4' title='bbox 748 426 1066 477; x_wconf 79' lang='lat' dir='ltr'>prosequeretur,</span> <span class='ocrx_word' id='word_1_5' title='bbox 1096 421 1146 462; x_wconf 90' lang='lat' dir='ltr'>ad</span> <span class='ocrx_word' id='word_1_6' title='bbox 1176 434 1266 462; x_wconf 89' lang='lat' dir='ltr'>eum</span> <span class='ocrx_word' id='word_1_7' title='bbox 1295 421 1336 462; x_wconf 89' lang='lat' dir='ltr'>in</span> <span class='ocrx_word' id='word_1_8' title='bbox 1352 420 1558 462; x_wconf 78' lang='lat' dir='ltr'>Graeciam</span> 
     </span>
    </p>
   </div>
   <div class='ocr_carea' id='block_1_3' title="bbox 251 513 1262 567">
    <p class='ocr_par' dir='ltr' id='par_1_3' title="bbox 251 513 1262 567">
     <span class='ocr_line' id='line_1_3' title="bbox 251 513 1262 567; baseline -0.004 -13"><span class='ocrx_word' id='word_1_9' title='bbox 251 515 519 554; x_wconf 88' lang='lat' dir='ltr'>deducendum</span> <span class='ocrx_word' id='word_1_10' title='bbox 548 515 677 567; x_wconf 86' lang='lat' dir='ltr'>potius</span> <span class='ocrx_word' id='word_1_11' title='bbox 705 515 796 553; x_wconf 83' lang='lat' dir='ltr'>navi</span> <span class='ocrx_word' id='word_1_12' title='bbox 823 515 941 565; x_wconf 71' lang='lat' dir='ltr'>leuga</span> <span class='ocrx_word' id='word_1_13' title='bbox 968 526 1083 552; x_wconf 85' lang='lat' dir='ltr'>usum</span> <span class='ocrx_word' id='word_1_14' title='bbox 1112 525 1195 551; x_wconf 86' lang='lat' dir='ltr'>esse</span> <span class='ocrx_word' id='word_1_15' title='bbox 1211 513 1262 562; x_wconf 87' lang='grc'>*).</span> 
     </span>
    </p>
   </div>
   <div class='ocr_carea' id='block_1_4' title="bbox 244 666 1560 2281">
    <p class='ocr_par' dir='ltr' id='par_1_4' title="bbox 244 666 1560 2281">
     <span class='ocr_line' id='line_1_4' title="bbox 304 666 1556 743; baseline -0.003 -8"><span class='ocrx_word' id='word_1_16' title='bbox 304 698 432 735; x_wconf 69' lang='grc' dir='ltr'><em>ταιῦτκ</em></span> <span class='ocrx_word' id='word_1_17' title='bbox 473 695 542 743; x_wconf 80' lang='grc' dir='ltr'>μὲν</span> <span class='ocrx_word' id='word_1_18' title='bbox 580 692 639 735; x_wconf 81' lang='grc' dir='ltr'>οὖν</span> <span class='ocrx_word' id='word_1_19' title='bbox 678 696 713 734; x_wconf 75' lang='grc' dir='ltr'>ἐν</span> <span class='ocrx_word' id='word_1_20' title='bbox 741 698 819 740; x_wconf 66' lang='grc' dir='ltr'>τοῖς</span> <span class='ocrx_word' id='word_1_21' title='bbox 847 697 929 743; x_wconf 80' lang='grc' dir='ltr'><em>περὶ</em></span> <span class='ocrx_word' id='word_1_22' title='bbox 960 693 1098 740; x_wconf 70' lang='grc' dir='ltr'>Δίωνος</span> <span class='ocrx_word' id='word_1_23' title='bbox 1126 666 1293 742; x_wconf 62' lang='grc' dir='ltr'>αἶκριβῶς</span> <span class='ocrx_word' id='word_1_24' title='bbox 1321 692 1556 742; x_wconf 74' lang='grc' dir='ltr'><strong><em>γέγραπται.</em></strong></span> 
     </span>
     <span class='ocr_line' id='line_1_5' title="bbox 250 784 1558 837; baseline -0.002 -11"><span class='ocrx_word' id='word_1_25' title='bbox 250 786 340 826; x_wconf 88' lang='lat' dir='ltr'>Non</span> <span class='ocrx_word' id='word_1_26' title='bbox 368 788 493 825; x_wconf 88' lang='lat' dir='ltr'>multa</span> <span class='ocrx_word' id='word_1_27' title='bbox 520 787 560 825; x_wconf 89' lang='lat' dir='ltr'>in</span> <span class='ocrx_word' id='word_1_28' title='bbox 575 787 657 825; x_wconf 85' lang='lat' dir='ltr'>vita</span> <span class='ocrx_word' id='word_1_29' title='bbox 673 786 811 825; x_wconf 88' lang='lat' dir='ltr'>Dionis</span> <span class='ocrx_word' id='word_1_30' title='bbox 824 786 1014 837; x_wconf 78' lang='lat' dir='ltr'>reperieS,</span> <span class='ocrx_word' id='word_1_31' title='bbox 1031 798 1131 837; x_wconf 90' lang='lat' dir='ltr'>quae</span> <span class='ocrx_word' id='word_1_32' title='bbox 1145 784 1241 824; x_wconf 87' lang='lat' dir='ltr'>haec</span> <span class='ocrx_word' id='word_1_33' title='bbox 1254 785 1452 824; x_wconf 88' lang='lat' dir='ltr'>illustrare</span> <span class='ocrx_word' id='word_1_34' title='bbox 1470 796 1558 835; x_wconf 85' lang='lat' dir='ltr'>pos-</span> 
     </span>
     <span class='ocr_line' id='line_1_6' title="bbox 250 874 1559 929; baseline -0.002 -13"><span class='ocrx_word' id='word_1_35' title='bbox 250 878 340 916; x_wconf 85' lang='lat' dir='ltr'>sint.</span> <span class='ocrx_word' id='word_1_36' title='bbox 386 878 433 916; x_wconf 94' lang='lat' dir='ltr'>In</span> <span class='ocrx_word' id='word_1_37' title='bbox 476 878 553 917; x_wconf 89' lang='lat' dir='ltr'>fine</span> <span class='ocrx_word' id='word_1_38' title='bbox 581 875 707 927; x_wconf 80' lang='lat' dir='ltr'>vitae,</span> <span class='ocrx_word' id='word_1_39' title='bbox 737 877 833 929; x_wconf 83' lang='lat' dir='ltr'>Cap.</span> <span class='ocrx_word' id='word_1_40' title='bbox 863 876 1028 927; x_wconf 91' lang='lat' dir='ltr'>LVIII,</span> <span class='ocrx_word' id='word_1_41' title='bbox 1057 876 1267 929; x_wconf 84' lang='lat' dir='ltr'>exponitur</span> <span class='ocrx_word' id='word_1_42' title='bbox 1294 875 1406 915; x_wconf 90' lang='lat' dir='ltr'>nobis</span> <span class='ocrx_word' id='word_1_43' title='bbox 1435 874 1559 914; x_wconf 83' lang='lat' dir='ltr'>tristis</span> 
     </span>
     <span class='ocr_line' id='line_1_7' title="bbox 251 964 1558 1018; baseline -0.003 -11"><span class='ocrx_word' id='word_1_44' title='bbox 251 968 381 1007; x_wconf 81' lang='lat' dir='ltr'>exitus</span> <span class='ocrx_word' id='word_1_45' title='bbox 424 967 716 1007; x_wconf 80' lang='lat' dir='ltr'>Aristomaches</span> <span class='ocrx_word' id='word_1_46' title='bbox 730 997 740 1017; x_wconf 90' lang='lat'>,</span> <span class='ocrx_word' id='word_1_47' title='bbox 785 967 922 1006; x_wconf 83' lang='lat' dir='ltr'>Dionis</span> <span class='ocrx_word' id='word_1_48' title='bbox 963 966 1126 1017; x_wconf 85' lang='lat' dir='ltr'>sororis,</span> <span class='ocrx_word' id='word_1_49' title='bbox 1168 978 1269 1018; x_wconf 89' lang='lat' dir='ltr'>quae</span> <span class='ocrx_word' id='word_1_50' title='bbox 1298 966 1435 1005; x_wconf 89' lang='lat' dir='ltr'>maiori</span> <span class='ocrx_word' id='word_1_51' title='bbox 1464 964 1558 1004; x_wconf 92' lang='lat' dir='ltr'>Dio-</span> 
     </span>
     <span class='ocr_line' id='line_1_8' title="bbox 251 1031 1559 1110; baseline -0.002 -13"><span class='ocrx_word' id='word_1_52' title='bbox 251 1058 363 1110; x_wconf 86' lang='lat' dir='ltr'>nysio</span> <span class='ocrx_word' id='word_1_53' title='bbox 392 1061 516 1110; x_wconf 86' lang='lat' dir='ltr'>nupta</span> <span class='ocrx_word' id='word_1_54' title='bbox 543 1057 670 1096; x_wconf 84' lang='lat' dir='ltr'>fuerat</span> <span class='ocrx_word' id='word_1_55' title='bbox 698 1057 792 1107; x_wconf 91' lang='lat' dir='ltr'>(Dio</span> <span class='ocrx_word' id='word_1_56' title='bbox 823 1057 919 1108; x_wconf 83' lang='lat' dir='ltr'>Cap.</span> <span class='ocrx_word' id='word_1_57' title='bbox 949 1056 1055 1106; x_wconf 90' lang='lat' dir='ltr'>III),</span> <span class='ocrx_word' id='word_1_58' title='bbox 1084 1069 1173 1095; x_wconf 90' lang='lat' dir='ltr'>cum</span> <span class='ocrx_word' id='word_1_59' title='bbox 1187 1031 1559 1108; x_wconf 22' lang='lat' dir='ltr'>filia&#39;Arete,quam</span> 
     </span>
     <span class='ocr_line' id='line_1_9' title="bbox 251 1146 1559 1200; baseline -0.002 -13"><span class='ocrx_word' id='word_1_60' title='bbox 251 1148 409 1187; x_wconf 88' lang='lat' dir='ltr'>viduam</span> <span class='ocrx_word' id='word_1_61' title='bbox 449 1148 659 1200; x_wconf 83' lang='lat' dir='ltr'>reliquerat</span> <span class='ocrx_word' id='word_1_62' title='bbox 700 1148 916 1186; x_wconf 87' lang='lat' dir='ltr'>avunculus</span> <span class='ocrx_word' id='word_1_63' title='bbox 958 1146 1138 1198; x_wconf 87' lang='lat' dir='ltr'>idemque</span> <span class='ocrx_word' id='word_1_64' title='bbox 1181 1147 1345 1185; x_wconf 82' lang='lat' dir='ltr'>maritus</span> <span class='ocrx_word' id='word_1_65' title='bbox 1382 1146 1479 1196; x_wconf 89' lang='lat' dir='ltr'>Dio,</span> <span class='ocrx_word' id='word_1_66' title='bbox 1520 1150 1559 1185; x_wconf 90' lang='lat' dir='ltr'>et</span> 
     </span>
     <span class='ocr_line' id='line_1_10' title="bbox 251 1237 1559 1290; baseline -0.002 -13"><span class='ocrx_word' id='word_1_67' title='bbox 251 1237 368 1277; x_wconf 81' lang='lat' dir='ltr'>huius</span> <span class='ocrx_word' id='word_1_68' title='bbox 419 1238 582 1290; x_wconf 81' lang='lat' dir='ltr'>parvulo</span> <span class='ocrx_word' id='word_1_69' title='bbox 634 1238 725 1276; x_wconf 89' lang='lat' dir='ltr'>filio.</span> <span class='ocrx_word' id='word_1_70' title='bbox 772 1237 810 1275; x_wconf 90' lang='lat' dir='ltr'>N</span> <span class='ocrx_word' id='word_1_71' title='bbox 813 1237 1048 1276; x_wconf 86' lang='lat' dir='ltr'>obilissimae</span> <span class='ocrx_word' id='word_1_72' title='bbox 1089 1237 1270 1276; x_wconf 84' lang='lat' dir='ltr'>mulieres</span> <span class='ocrx_word' id='word_1_73' title='bbox 1286 1267 1296 1287; x_wconf 94' lang='lat'>,</span> <span class='ocrx_word' id='word_1_74' title='bbox 1340 1237 1559 1276; x_wconf 82' lang='lat' dir='ltr'>foedissimo</span> 
     </span>
     <span class='ocr_line' id='line_1_11' title="bbox 252 1327 1559 1381; baseline -0.001 -14"><span class='ocrx_word' id='word_1_75' title='bbox 252 1327 432 1381; x_wconf 79' lang='lat' dir='ltr'>Callippo</span> <span class='ocrx_word' id='word_1_76' title='bbox 461 1332 614 1367; x_wconf 90' lang='lat' dir='ltr'>mortuo</span> <span class='ocrx_word' id='word_1_77' title='bbox 643 1340 693 1367; x_wconf 81' lang='lat' dir='ltr'>ex</span> <span class='ocrx_word' id='word_1_78' title='bbox 722 1328 893 1367; x_wconf 84' lang='lat' dir='ltr'>tenebris</span> <span class='ocrx_word' id='word_1_79' title='bbox 907 1332 945 1367; x_wconf 87' lang='lat' dir='ltr'>et</span> <span class='ocrx_word' id='word_1_80' title='bbox 961 1340 1114 1367; x_wconf 90' lang='lat' dir='ltr'>carcere</span> <span class='ocrx_word' id='word_1_81' title='bbox 1129 1331 1362 1380; x_wconf 77' lang='lat' dir='ltr'>protractae,</span> <span class='ocrx_word' id='word_1_82' title='bbox 1378 1328 1559 1379; x_wconf 86' lang='lat' dir='ltr'>confuge·</span> 
     </span>
     <span class='ocr_line' id='line_1_12' title="bbox 250 1419 1560 1470; baseline 0.002 -14"><span class='ocrx_word' id='word_1_83' title='bbox 250 1423 340 1457; x_wconf 84' lang='lat' dir='ltr'>rant</span> <span class='ocrx_word' id='word_1_84' title='bbox 383 1419 433 1457; x_wconf 92' lang='lat' dir='ltr'>ad</span> <span class='ocrx_word' id='word_1_85' title='bbox 461 1419 666 1468; x_wconf 86' lang='lat' dir='ltr'>Hicetam,</span> <span class='ocrx_word' id='word_1_86' title='bbox 696 1419 976 1457; x_wconf 88' lang='lat' dir='ltr'>Leontinorum</span> <span class='ocrx_word' id='word_1_87' title='bbox 1007 1423 1241 1470; x_wconf 86' lang='lat' dir='ltr'>tyrannum,</span> <span class='ocrx_word' id='word_1_88' title='bbox 1270 1420 1337 1470; x_wconf 93' lang='lat' dir='ltr'>qui</span> <span class='ocrx_word' id='word_1_89' title='bbox 1366 1419 1560 1470; x_wconf 84' lang='lat' dir='ltr'>supplices</span> 
     </span>
     <span class='ocr_line' id='line_1_13' title="bbox 250 1508 1559 1560; baseline 0.002 -14"><span class='ocrx_word' id='word_1_90' title='bbox 250 1508 491 1560; x_wconf 86' lang='lat' dir='ltr'>aliquamdiu</span> <span class='ocrx_word' id='word_1_91' title='bbox 533 1509 744 1548; x_wconf 85' lang='lat' dir='ltr'>incolumes</span> <span class='ocrx_word' id='word_1_92' title='bbox 781 1513 1049 1560; x_wconf 81' lang='lat' dir='ltr'>conservatas,</span> <span class='ocrx_word' id='word_1_93' title='bbox 1080 1523 1104 1549; x_wconf 92' lang='lat' dir='ltr'>a</span> <span class='ocrx_word' id='word_1_94' title='bbox 1131 1510 1269 1549; x_wconf 84' lang='lat' dir='ltr'>Dionis</span> <span class='ocrx_word' id='word_1_95' title='bbox 1297 1510 1462 1549; x_wconf 89' lang='lat' dir='ltr'>inimicis</span> <span class='ocrx_word' id='word_1_96' title='bbox 1489 1510 1559 1549; x_wconf 88' lang='lat' dir='ltr'>im-</span> 
     </span>
     <span class='ocr_line' id='line_1_14' title="bbox 250 1598 1560 1652; baseline 0.002 -16"><span class='ocrx_word' id='word_1_97' title='bbox 250 1599 407 1650; x_wconf 74' lang='lat' dir='ltr'>pulsuS,</span> <span class='ocrx_word' id='word_1_98' title='bbox 453 1598 494 1637; x_wconf 88' lang='lat' dir='ltr'>in</span> <span class='ocrx_word' id='word_1_99' title='bbox 537 1599 669 1637; x_wconf 88' lang='lat' dir='ltr'>navim</span> <span class='ocrx_word' id='word_1_100' title='bbox 713 1599 935 1650; x_wconf 87' lang='lat' dir='ltr'>impositas,</span> <span class='ocrx_word' id='word_1_101' title='bbox 964 1603 1152 1651; x_wconf 86' lang='lat' dir='ltr'>tanquam</span> <span class='ocrx_word' id='word_1_102' title='bbox 1180 1601 1220 1638; x_wconf 91' lang='lat' dir='ltr'>in</span> <span class='ocrx_word' id='word_1_103' title='bbox 1248 1600 1560 1652; x_wconf 86' lang='lat' dir='ltr'>Peloponnesum</span> 
     </span>
     <span class='ocr_line' id='line_1_15' title="bbox 250 1688 1560 1741; baseline 0.002 -16"><span class='ocrx_word' id='word_1_104' title='bbox 250 1688 526 1739; x_wconf 85' lang='lat' dir='ltr'>navigaturas,</span> <span class='ocrx_word' id='word_1_105' title='bbox 570 1701 659 1726; x_wconf 92' lang='lat' dir='ltr'>cum</span> <span class='ocrx_word' id='word_1_106' title='bbox 702 1689 852 1727; x_wconf 85' lang='lat' dir='ltr'>infante</span> <span class='ocrx_word' id='word_1_107' title='bbox 895 1690 936 1727; x_wconf 93' lang='lat' dir='ltr'>in</span> <span class='ocrx_word' id='word_1_108' title='bbox 980 1690 1146 1728; x_wconf 83' lang='lat' dir='ltr'>vinculis</span> <span class='ocrx_word' id='word_1_109' title='bbox 1182 1693 1274 1728; x_wconf 85' lang='lat' dir='ltr'>nato</span> <span class='ocrx_word' id='word_1_110' title='bbox 1302 1691 1380 1729; x_wconf 92' lang='lat' dir='ltr'>telo</span> <span class='ocrx_word' id='word_1_111' title='bbox 1410 1690 1560 1741; x_wconf 86' lang='lat' dir='ltr'>percuti</span> 
     </span>
     <span class='ocr_line' id='line_1_16' title="bbox 247 1778 1559 1832; baseline 0.001 -15"><span class='ocrx_word' id='word_1_112' title='bbox 247 1782 366 1830; x_wconf 86' lang='lat' dir='ltr'>atque</span> <span class='ocrx_word' id='word_1_113' title='bbox 407 1778 448 1817; x_wconf 92' lang='lat' dir='ltr'>in</span> <span class='ocrx_word' id='word_1_114' title='bbox 489 1791 598 1817; x_wconf 86' lang='lat' dir='ltr'>mare</span> <span class='ocrx_word' id='word_1_115' title='bbox 639 1778 810 1830; x_wconf 88' lang='lat' dir='ltr'>demergi</span> <span class='ocrx_word' id='word_1_116' title='bbox 854 1778 978 1818; x_wconf 86' lang='lat' dir='ltr'>iussit.</span> <span class='ocrx_word' id='word_1_117' title='bbox 1022 1778 1079 1818; x_wconf 92' lang='lat' dir='ltr'>At</span> <span class='ocrx_word' id='word_1_118' title='bbox 1106 1792 1206 1819; x_wconf 87' lang='lat' dir='ltr'>uxor</span> <span class='ocrx_word' id='word_1_119' title='bbox 1234 1779 1412 1832; x_wconf 83' lang='lat' dir='ltr'>Dionysii</span> <span class='ocrx_word' id='word_1_120' title='bbox 1438 1779 1559 1819; x_wconf 91' lang='lat' dir='ltr'>mino-</span> 
     </span>
     <span class='ocr_line' id='line_1_17' title="bbox 246 1848 1557 1922; baseline 0.001 -15"><span class='ocrx_word' id='word_1_121' title='bbox 246 1868 322 1919; x_wconf 86' lang='lat' dir='ltr'>ris,</span> <span class='ocrx_word' id='word_1_122' title='bbox 364 1881 465 1921; x_wconf 91' lang='lat' dir='ltr'>quae</span> <span class='ocrx_word' id='word_1_123' title='bbox 506 1868 581 1908; x_wconf 91' lang='lat' dir='ltr'>fuit</span> <span class='ocrx_word' id='word_1_124' title='bbox 625 1868 895 1922; x_wconf 81' lang='lat' dir='ltr'>Sophrosyne,</span> <span class='ocrx_word' id='word_1_125' title='bbox 941 1882 1047 1909; x_wconf 88' lang='lat' dir='ltr'>soror</span> <span class='ocrx_word' id='word_1_126' title='bbox 1086 1868 1219 1909; x_wconf 86' lang='lat' dir='ltr'>eodem</span> <span class='ocrx_word' id='word_1_127' title='bbox 1256 1848 1368 1922; x_wconf 82' lang='lat' dir='ltr'>patre</span> <span class='ocrx_word' id='word_1_128' title='bbox 1396 1872 1490 1908; x_wconf 86' lang='lat' dir='ltr'>nata</span> <span class='ocrx_word' id='word_1_129' title='bbox 1518 1872 1557 1908; x_wconf 87' lang='lat' dir='ltr'>et</span> 
     </span>
     <span class='ocr_line' id='line_1_18' title="bbox 246 1959 1557 2009; baseline 0.002 -14"><span class='ocrx_word' id='word_1_130' title='bbox 246 1959 327 1996; x_wconf 89' lang='lat' dir='ltr'>filia</span> <span class='ocrx_word' id='word_1_131' title='bbox 363 1959 536 1997; x_wconf 87' lang='lat' dir='ltr'>eiusdem</span> <span class='ocrx_word' id='word_1_132' title='bbox 564 1959 879 2009; x_wconf 77' lang='lat' dir='ltr'>Aristomaches,</span> <span class='ocrx_word' id='word_1_133' title='bbox 908 1962 948 1998; x_wconf 92' lang='lat' dir='ltr'>in</span> <span class='ocrx_word' id='word_1_134' title='bbox 978 1961 1060 1998; x_wconf 86' lang='lat' dir='ltr'>vita</span> <span class='ocrx_word' id='word_1_135' title='bbox 1090 1961 1226 1998; x_wconf 83' lang='lat' dir='ltr'>Dionis</span> <span class='ocrx_word' id='word_1_136' title='bbox 1255 1961 1374 1998; x_wconf 85' lang='lat' dir='ltr'>semel</span> <span class='ocrx_word' id='word_1_137' title='bbox 1403 1963 1557 1998; x_wconf 91' lang='lat' dir='ltr'>tantum</span> 
     </span>
     <span class='ocr_line' id='line_1_19' title="bbox 244 2049 1555 2103; baseline 0.002 -15"><span class='ocrx_word' id='word_1_138' title='bbox 244 2049 368 2088; x_wconf 89' lang='lat' dir='ltr'>obiter</span> <span class='ocrx_word' id='word_1_139' title='bbox 395 2053 718 2089; x_wconf 86' lang='lat' dir='ltr'>commemoratur</span> <span class='ocrx_word' id='word_1_140' title='bbox 746 2051 811 2101; x_wconf 87' lang='lat' dir='ltr'>(cf.</span> <span class='ocrx_word' id='word_1_141' title='bbox 840 2050 947 2089; x_wconf 90' lang='lat' dir='ltr'>Plut.</span> <span class='ocrx_word' id='word_1_142' title='bbox 978 2050 1167 2101; x_wconf 90' lang='lat' dir='ltr'>Dionem,</span> <span class='ocrx_word' id='word_1_143' title='bbox 1199 2050 1307 2103; x_wconf 86' lang='lat' dir='ltr'>Cap.&#39;</span> <span class='ocrx_word' id='word_1_144' title='bbox 1324 2049 1385 2090; x_wconf 90' lang='lat' dir='ltr'>VI</span> <span class='ocrx_word' id='word_1_145' title='bbox 1414 2050 1500 2090; x_wconf 89' lang='lat' dir='ltr'>init.</span> <span class='ocrx_word' id='word_1_146' title='bbox 1516 2053 1555 2090; x_wconf 87' lang='lat' dir='ltr'>et</span> 
     </span>
     <span class='ocr_line' id='line_1_20' title="bbox 245 2137 1556 2192; baseline 0 -15"><span class='ocrx_word' id='word_1_147' title='bbox 245 2137 410 2191; x_wconf 84' lang='lat' dir='ltr'>Nepotis</span> <span class='ocrx_word' id='word_1_148' title='bbox 451 2139 639 2190; x_wconf 89' lang='lat' dir='ltr'>Dionem,</span> <span class='ocrx_word' id='word_1_149' title='bbox 682 2140 777 2192; x_wconf 88' lang='lat' dir='ltr'>Cap.</span> <span class='ocrx_word' id='word_1_150' title='bbox 823 2140 873 2191; x_wconf 92' lang='grc' dir='ltr'>Ι).</span> <span class='ocrx_word' id='word_1_151' title='bbox 920 2140 1138 2179; x_wconf 85' lang='lat' dir='ltr'>Putandum</span> <span class='ocrx_word' id='word_1_152' title='bbox 1165 2144 1224 2178; x_wconf 87' lang='lat' dir='ltr'>est</span> <span class='ocrx_word' id='word_1_153' title='bbox 1252 2140 1372 2191; x_wconf 87' lang='lat' dir='ltr'>igitur</span> <span class='ocrx_word' id='word_1_154' title='bbox 1401 2139 1556 2177; x_wconf 87' lang='lat' dir='ltr'>Plutar-</span> 
     </span>
     <span class='ocr_line' id='line_1_21' title="bbox 244 2230 1555 2281; baseline 0 -13"><span class='ocrx_word' id='word_1_155' title='bbox 244 2231 361 2268; x_wconf 92' lang='lat' dir='ltr'>chum</span> <span class='ocrx_word' id='word_1_156' title='bbox 406 2230 478 2268; x_wconf 91' lang='lat' dir='ltr'>hoc</span> <span class='ocrx_word' id='word_1_157' title='bbox 525 2231 609 2268; x_wconf 91' lang='lat' dir='ltr'>loco</span> <span class='ocrx_word' id='word_1_158' title='bbox 653 2231 693 2268; x_wconf 92' lang='lat' dir='ltr'>in</span> <span class='ocrx_word' id='word_1_159' title='bbox 736 2232 831 2268; x_wconf 83' lang='lat' dir='ltr'>satis</span> <span class='ocrx_word' id='word_1_160' title='bbox 874 2231 1092 2269; x_wconf 89' lang='lat' dir='ltr'>mirabilem</span> <span class='ocrx_word' id='word_1_161' title='bbox 1121 2243 1291 2269; x_wconf 87' lang='lat' dir='ltr'>errorem</span> <span class='ocrx_word' id='word_1_162' title='bbox 1319 2243 1401 2268; x_wconf 85' lang='lat' dir='ltr'>sese</span> <span class='ocrx_word' id='word_1_163' title='bbox 1427 2230 1555 2281; x_wconf 87' lang='lat' dir='ltr'>impli-</span> 
     </span>
    </p>
   </div>
   <div class='ocr_carea' id='block_1_5' title="bbox 244 2318 1555 2373">
    <p class='ocr_par' dir='ltr' id='par_1_5' title="bbox 244 2318 1555 2373">
     <span class='ocr_line' id='line_1_22' title="bbox 244 2318 1555 2373; baseline 0 -14"><span class='ocrx_word' id='word_1_164' title='bbox 244 2319 414 2370; x_wconf 77' lang='lat' dir='ltr'>cavisse,</span> <span class='ocrx_word' id='word_1_165' title='bbox 449 2320 516 2372; x_wconf 89' lang='lat' dir='ltr'>qui</span> <span class='ocrx_word' id='word_1_166' title='bbox 544 2322 613 2359; x_wconf 90' lang='lat' dir='ltr'>aut</span> <span class='ocrx_word' id='word_1_167' title='bbox 642 2319 770 2358; x_wconf 88' lang='lat' dir='ltr'>minus</span> <span class='ocrx_word' id='word_1_168' title='bbox 798 2318 897 2359; x_wconf 86' lang='lat' dir='ltr'>bene</span> <span class='ocrx_word' id='word_1_169' title='bbox 924 2319 1143 2359; x_wconf 88' lang='lat' dir='ltr'>meminerit</span> <span class='ocrx_word' id='word_1_170' title='bbox 1171 2318 1265 2372; x_wconf 89' lang='lat' dir='ltr'>quid</span> <span class='ocrx_word' id='word_1_171' title='bbox 1293 2319 1376 2373; x_wconf 80' lang='lat' dir='ltr'>ipse</span> <span class='ocrx_word' id='word_1_172' title='bbox 1402 2319 1443 2359; x_wconf 91' lang='lat' dir='ltr'>in</span> <span class='ocrx_word' id='word_1_173' title='bbox 1472 2319 1555 2359; x_wconf 84' lang='lat' dir='ltr'>vita</span> 
     </span>
    </p>
   </div>
   <div class='ocr_carea' id='block_1_6' title="bbox 247 2437 488 2443">
    <p class='ocr_par' dir='ltr' id='par_1_6' title="bbox 247 2437 488 2443">
     <span class='ocr_line' id='line_1_23' title="bbox 247 2437 488 2443; baseline 0 0"><span class='ocrx_word' id='word_1_174' title='bbox 247 2437 488 2443; x_wconf 95' lang='lat' dir='ltr'> </span> 
     </span>
    </p>
   </div>
   <div class='ocr_carea' id='block_1_7' title="bbox 281 2512 1276 2552">
    <p class='ocr_par' dir='ltr' id='par_1_7' title="bbox 281 2512 1276 2552">
     <span class='ocr_line' id='line_1_24' title="bbox 281 2512 1276 2552; baseline -0.002 -8"><span class='ocrx_word' id='word_1_175' title='bbox 281 2512 314 2551; x_wconf 62' lang='lat'>⁹)</span> <span class='ocrx_word' id='word_1_176' title='bbox 338 2512 383 2544; x_wconf 84' lang='lat' dir='ltr'>De</span> <span class='ocrx_word' id='word_1_177' title='bbox 404 2512 458 2544; x_wconf 69' lang='lat' dir='ltr'>hnc</span> <span class='ocrx_word' id='word_1_178' title='bbox 481 2522 512 2544; x_wconf 83' lang='lat' dir='ltr'>re</span> <span class='ocrx_word' id='word_1_179' title='bbox 535 2516 572 2543; x_wconf 77' lang='lat' dir='ltr'>ct.</span> <span class='ocrx_word' id='word_1_180' title='bbox 593 2513 700 2550; x_wconf 84' lang='lat' dir='ltr'>Grote,</span> <span class='ocrx_word' id='word_1_181' title='bbox 724 2513 807 2543; x_wconf 73' lang='lat' dir='ltr'>nist.</span> <span class='ocrx_word' id='word_1_182' title='bbox 828 2513 861 2543; x_wconf 81' lang='lat' dir='ltr'>os</span> <span class='ocrx_word' id='word_1_183' title='bbox 876 2513 985 2543; x_wconf 79' lang='lat' dir='ltr'>Greene</span> <span class='ocrx_word' id='word_1_184' title='bbox 998 2535 1005 2549; x_wconf 83' lang='grc'><strong>,</strong></span> <span class='ocrx_word' id='word_1_185' title='bbox 1028 2513 1094 2550; x_wconf 81' lang='lat' dir='ltr'>xl,</span> <span class='ocrx_word' id='word_1_186' title='bbox 1116 2522 1184 2552; x_wconf 81' lang='lat' dir='ltr'>pag.</span> <span class='ocrx_word' id='word_1_187' title='bbox 1206 2514 1276 2543; x_wconf 81' lang='lat'>214.</span> 
     </span>
    </p>
   </div>
  </div>
 </body>
</html>
