1785 2956
848 272 898 309 46

222 411 395 459 spectat,
449 407 640 459 proelium
680 407 936 456 commisisse,
979 409 1022 444 ut
1062 403 1252 443 militibus
1293 404 1394 453 suis,
1435 415 1532 454 quos

222 497 422 535 Dinarcho
466 499 505 535 et
534 496 745 535 Demareto
773 495 936 534 ducibus
963 497 1004 534 in
1033 494 1417 545 Carthaginiensium
1444 506 1532 545 pro-

222 588 390 626 vinciam
431 587 615 637 miserat,
658 588 851 626 auxilium
893 588 1023 627 ferret.
1066 586 1127 626 De
1169 598 1331 625 numero
1359 586 1530 625 militum

221 676 475 716 Timoleontis
502 689 581 716 non
608 678 788 716 convenit
816 678 918 716 inter
948 676 1206 716 Plutarchum
1233 679 1272 716 et
1288 675 1524 726 Diodorum,

220 768 287 818 qui
317 780 406 805 eum
440 780 541 816 „non
569 768 700 819 plures
731 781 848 819 quam
875 769 982 807 mille
1011 767 1223 807 ducentos’'
1252 766 1433 806 habuisse
1456 766 1523 805 ait.

221 857 381 909 Longus
410 861 470 897 est
499 857 612 897 Diod.
640 858 681 897 in
711 858 964 898 describenda
994 858 1202 908 seditione,
1218 856 1373 910 quaein
1391 856 1526 896 Corin·

222 947 395 986 thiorum
437 948 614 987 exercitu
641 951 728 987 orta
755 948 817 987 sit.
847 947 1034 1000 Legimus
1062 947 1166 1001 apud
1193 960 1304 999 eum,
1335 959 1426 986 cum
1455 945 1528 986 Co-

222 1038 359 1076 rinthii
386 1038 427 1076 in
455 1051 594 1089 agrum
622 1039 929 1090 Agrigentinum
958 1039 1247 1090 pervenissent,
1280 1013 1526 1090 repentinam

220 1127 378 1168 turbam
433 1132 472 1168 et
530 1129 744 1168 tumultum
783 1129 823 1168 in
864 1129 1040 1169 exercitu
1080 1142 1164 1169 esse
1202 1132 1388 1169 coortum.
1429 1127 1530 1167 Erat

219 1220 321 1258 inter
365 1220 622 1259 mercenarios
663 1220 851 1259 Thrasius
890 1219 1071 1272 quidam,
1110 1219 1226 1259 homo
1255 1219 1526 1270 turbulentus,

221 1311 288 1360 qui
341 1323 430 1348 cum
481 1310 747 1349 Phocensibus
793 1311 983 1361 templum
1025 1310 1262 1362 Delphicum
1300 1310 1527 1362 diripuerat.

220 1398 315 1449 Ille,
345 1400 411 1451 qui
440 1399 543 1439 inter
571 1412 715 1452 paucos
744 1398 794 1439 ad
817 1399 857 1438 id
871 1411 995 1451 usque
1009 1402 1164 1452 tempus
1178 1399 1370 1452 sacrilegii
1384 1411 1528 1452 poenas

220 1490 373 1529 divinas
401 1489 622 1542 effugisset,
651 1489 832 1529 seditiosa
861 1489 1035 1529 oratione
1064 1489 1321 1529 mercenarios
1334 1488 1387 1529 ad
1402 1488 1527 1529 defec-

220 1581 366 1621 tionem
396 1581 596 1633 impellere
626 1581 771 1633 coepit:
803 1580 1087 1620 Timoleontem
1115 1580 1217 1620 male
1232 1592 1371 1619 sanum
1386 1579 1529 1618 milites

223 1683 313 1709 suos
342 1671 391 1709 ad
418 1670 665 1710 manifestam
690 1672 901 1723 perniciem
928 1671 1088 1722 ducere,
1104 1672 1171 1723 qui
1186 1670 1529 1722 Carthaginienses

222 1773 385 1799 numero
428 1764 539 1800 tanto
566 1761 804 1813 superiores,
835 1761 940 1801 omni
967 1765 1161 1814 apparatu
1188 1761 1281 1801 belli
1310 1761 1529 1801 instructis-

220 1852 339 1891 simos
380 1864 422 1891 se
451 1852 646 1891 victurum
674 1851 841 1903 diceret,
869 1853 1040 1892 militum
1068 1866 1230 1905 corpora
1256 1853 1297 1892 in
1324 1852 1530 1892 discrimen

222 1941 490 1992 committens,
531 1954 620 1981 cum
648 1946 807 1994 propter
832 1943 1004 1995 inopiam
1033 1955 1083 1982 ne
1110 1942 1347 1995 stipendium
1373 1941 1529 1995 quidem

220 2031 448 2070 iamdudum
478 2032 668 2070 militibus
696 2007 874 2071 debitum
903 2033 1151 2084 persolvisset
1168 2046 1177 2083 ;
1193 2046 1377 2072 converso
1391 2033 1531 2072 itinere

222 2120 441 2173 Syracusas
478 2125 768 2161 reverterentur
802 2125 841 2160 et
870 2122 1106 2175 stipendium
1134 2127 1401 2176 reposcerent,
1433 2135 1531 2163 neve

221 2211 272 2250 ad
316 2211 564 2263 desperatam
606 2213 896 2265 expeditionem
928 2227 969 2253 se
999 2214 1087 2253 duci
1115 2218 1355 2266 paterentur.
1384 2214 1531 2253 Merce-

221 2302 342 2341 nariis
393 2302 558 2341 Thrasio
608 2303 775 2343 libenter
817 2304 1179 2356 obtemperantibus
1221 2308 1260 2344 et
1302 2304 1531 2345 seditionem

223 2391 498 2442 moventibus,
527 2392 728 2433 Timoleon
757 2395 890 2433 multis
913 2394 1094 2447 precibus
1110 2394 1531 2447 pollicitationibusque

221 2482 291 2522 vix
331 2483 545 2521 tumultum
574 2483 737 2523 sedavit.
768 2484 903 2524 Nihilo
930 2486 1054 2524 secius
1082 2485 1292 2524 Thrasium
1319 2485 1361 2524 M
1389 2486 1533 2525 milites
