1785 2956
891 259 915 296 8

293 396 343 435 In
371 396 448 436 fine
475 396 592 435 huius
620 395 758 447 eapitis
786 393 972 446 legimus,
1001 395 1215 446 quomodo,
1237 395 1330 435 dum
1360 394 1550 435 coniurati

240 485 525 538 Timophanem
565 485 705 537 gladiis
743 485 1043 535 obtruncarent,
1075 485 1198 524 frater
1227 487 1352 536 capite
1379 485 1551 524 obvoluto

238 577 374 627 procul
399 576 553 615 steterit
567 576 748 615 lacrimas
762 575 939 614 fundens.
957 575 1122 626 Legitur
1138 576 1179 613 in
1194 576 1279 614 edd.
1295 577 1550 621 συγκαλυψά-

238 678 370 716 μενος;
398 664 678 704 demonstravit
707 664 759 704 V.
790 663 849 704 Ol.
874 664 1047 704 Cobetus
1061 665 1175 704 solito
1193 665 1407 704 scribarum
1422 677 1551 703 errore

240 758 413 795 correcto
438 755 517 807 legi
545 758 725 807 oportere
753 753 1114 805 ἐγκαλυψάμενος,
1143 754 1284 794 collato
1313 755 1396 794 loco
1415 755 1456 793 in
1471 755 1554 794 vita

240 846 409 887 Othonis
439 845 535 898 Cap.
564 845 646 885 IX:
675 845 776 884 δοκεῖ
801 868 852 877 --
875 845 1012 884 ’Όὲων
1042 869 1092 873 -
1122 844 1296 883 σπεύδειν
1325 845 1552 893 ἐγκαλυψά-

240 940 377 987 μενος,
422 933 542 983 ὥσπερ
585 934 662 974 ἀπὸ
704 939 886 983 κρημνοῦ,
925 936 1103 981 μεθεῖναι
1132 936 1183 972 τὰ
1212 933 1433 982 πράγματα
1463 935 1551 984 πρὸ,-

241 1027 284 1065 τὸ
327 1028 528 1074 συντυχόν.
574 1026 706 1065 Paene
748 1038 1034 1077 supervacuum
1080 1030 1138 1064 est
1184 1026 1406 1064 notissimos
1451 1027 1554 1064 locos

242 1115 426 1168 laudare,
459 1116 562 1157 unde
589 1116 808 1156 luculenter
835 1119 997 1169 apparet
1025 1115 1142 1156 huius
1169 1117 1278 1156 verbi
1302 1117 1554 1169 significatio,

242 1208 365 1246 veluti
404 1207 444 1245 in
486 1206 763 1258 Aristophanis
804 1205 981 1244 Nubium
1024 1206 1202 1245 exordio:
1244 1204 1338 1244 ἀλλ’
1369 1207 1403 1244 εῖ
1432 1205 1552 1250 δοκεῖ,

242 1297 437 1346 ῥέγκωμεν
470 1296 824 1348 ἐγκεκαλυμμένοι,
855 1301 894 1336 et
922 1311 979 1336 vs.
1011 1300 1108 1336 735:
1139 1297 1204 1336 οὐκ
1236 1299 1553 1344 ἐγκαλυψάμενος

242 1386 395 1437 ταχέως
424 1401 461 1426 τι
490 1390 697 1438 Φροντιεῖς;
728 1391 768 1426 et
796 1387 944 1426 Avium
973 1401 1029 1427 vs.
1064 1389 1165 1427 1496
1180 1387 1238 1432 τί,ι
1253 1387 1555 1439 οὑγκαλυμμόςς

242 1491 294 1518 ex
321 1477 592 1517 emendatione
618 1477 801 1517 Dawesii.
834 1476 893 1516 Of.
922 1490 1077 1530 quoque
1106 1478 1146 1517 in
1174 1479 1257 1518 vita
1284 1477 1439 1518 Numae
1459 1478 1556 1531 Cap.

244 1567 353 1607 VII:
397 1570 473 1606 τῶν
513 1571 683 1614 μάντεων
730 1568 747 1607 ὅ
790 1566 986 1616 πρωτεύων
1028 1569 1090 1608 τὸν
1132 1569 1201 1616 μὲν
1231 1570 1284 1615 εἷς
1311 1568 1556 1617 μεσημβρίαν

243 1656 389 1707 τρέψας
433 1657 792 1710 ἐγκεκαλυμμένονς
835 1659 883 1699 de
924 1659 1059 1699 eadem
1088 1673 1130 1699 re
1159 1673 1222 1712 ap.
1252 1660 1409 1699 Livium
1438 1659 1484 1699 L.
1515 1658 1558 1709 Ι,

246 1748 342 1801 Cap.
389 1750 437 1788 18
479 1750 665 1801 legimus:
713 1762 862 1801 „augur
889 1749 940 1789 ad
971 1750 1124 1789 laevam
1162 1750 1244 1789 eius
1271 1750 1399 1803 eapite
1430 1750 1559 1789 velato

246 1840 378 1881 sedem
419 1841 571 1893 cepit'’;
612 1844 651 1880 et
692 1841 816 1880 vitam
853 1841 1129 1881 Demosthenis
1159 1841 1255 1894 Cap.
1284 1841 1369 1881 VII
1395 1841 1445 1880 ab
1473 1842 1558 1880 init.

246 1935 286 1972 et
317 1931 413 1985 Cap.
443 1931 590 1972 XXIX
617 1932 657 1971 in
684 1933 907 1973 narratione
933 1933 1069 1973 mortis
1096 1932 1259 1972 oratoris
1282 1932 1466 1972 ininsula
1484 1932 1557 1972 Ca·

246 2021 392 2072 lauria3
433 2022 641 2075 utrobique
683 2022 917 2062 Sintenisius
965 2023 1103 2062 vitiose
1140 2021 1453 2072 συγκαλύπτειν,
1483 2023 1558 2061 etsi

249 2111 345 2164 Cap.
375 2110 523 2151 XXIX
550 2112 788 2151 contrarium
816 2112 960 2164 legitur
987 2110 1277 2160 ἐξεκαλύψατο.

799 2290 938 2331 OAP.
968 2291 1018 2331 V.

303 2471 442 2514 Obiter
467 2486 694 2514 moneamus
720 2473 761 2514 in
791 2473 910 2515 verbo
931 2472 1179 2524 προετίμησε,
1193 2473 1304 2514 initio
1319 2473 1434 2513 huius
1450 2486 1533 2525 cap.
1547 2503 1557 2523 ,
