1785 2956
850 312 901 349 43

227 449 294 493 τῆς
332 446 522 491 πολιτεία,-
551 446 731 493 προσέξων
761 460 795 485 κ.
822 461 858 485 τ.
887 456 925 486 λ.
955 448 1083 486 Nimis
1111 447 1281 486 breviter
1309 450 1527 485 tractantur

225 549 250 575 a
277 535 490 576 Plutarcho
518 549 564 575 ea
591 549 691 588 quae
718 536 767 575 ad
794 536 1050 576 ordinandum
1081 550 1225 575 novum
1252 540 1399 575 statum
1430 537 1525 588 reip.

227 627 442 679 pertinent,
484 640 719 679 quamquam
754 627 794 665 in
822 627 895 666 hac
922 640 1075 679 quoque
1103 641 1145 666 re
1174 627 1374 666 Timoleon
1404 628 1529 667 multa

227 717 397 756 effecisse
423 716 588 756 videtur.
627 717 900 769 Compluscula
928 718 1046 756 habet
1076 718 1190 756 Diod.
1221 718 1316 769 Cap.
1348 719 1420 767 70,
1446 718 1529 767 §5:

230 805 345 852 εὐθὺς
388 806 426 846 δὲ
462 809 528 851 καὶ
559 808 662 859 (post
690 808 797 859 regia
825 812 1075 847 monumenta
1104 809 1255 859 eversa)
1278 810 1532 856 νομσγρκφεῖν

150 940 155 942 v
227 896 388 947 ἥρξκτο,
427 898 551 941 τιθεὶς
591 896 879 944 δημοκρατικοὺς
922 896 1075 947 νόμου;,
1118 896 1182 935 xxi
1227 897 1279 935 τὰ
1322 896 1405 945 περὶ
1451 900 1527 935 τῶν

230 987 418 1026 Ῑδιωτικῶν
458 987 700 1035 συμβολαίων
744 987 870 1025 δίκαιαι
912 990 977 1025 uxi
1021 987 1154 1026 τᾶλλαι
1196 991 1340 1026 πάντκ’
1364 987 1528 1035 ἀκριβῶς

228 1070 398 1123 affuge,
443 1077 624 1121 πλείστην
663 1076 843 1126 φροντίδα
872 1080 939 1121 τῆ,·
973 1076 1141 1122 ioh-nro,-
1170 1079 1382 1124 ποιούμενος
1426 1078 1527 1117 Cum

226 1168 367 1219 quibus
396 1167 658 1220 componenda
685 1171 775 1206 sunt
803 1180 903 1218 quae
930 1167 1033 1205 idem
1061 1167 1181 1206 tradit
1211 1167 1306 1220 Cap.
1337 1170 1409 1218 82,
1443 1169 1527 1218 §62

237 1257 461 1307 ‚Timoleon
502 1257 635 1296 statim
674 1270 739 1296 eas
778 1258 902 1309 leges,
944 1270 1043 1309 quae
1072 1258 1149 1296 iam
1177 1261 1293 1297 antea
1323 1258 1526 1310 Syracusis

229 1348 414 1399 vigebant
455 1360 628 1399 quasque
661 1348 806 1386 tulerat
835 1348 1009 1397 Diocles,
1040 1348 1231 1399 corrigere
1258 1351 1297 1386 et
1324 1348 1530 1387 emendare

235 1438 360 1489 coepit
390 1437 454 1488 (de
482 1437 617 1476 Diocle
646 1437 694 1477 cf.
722 1437 809 1483 Lib.
837 1437 920 1487 XI,
952 1437 1047 1490 Cap.
1077 1439 1159 1489 22);
1183 1450 1282 1490 quae
1299 1437 1347 1477 de
1361 1438 1524 1490 privatis

231 1527 465 1580 syngraphis
491 1531 530 1566 et
549 1527 596 1566 de
610 1527 890 1566 hereditatibus
905 1530 1015 1566 erant
1030 1528 1153 1578 latae,
1169 1528 1336 1567 intactas
1351 1527 1530 1579 reliquit;

230 1621 364 1659 contra
405 1631 504 1671 quae
530 1631 612 1658 rem
639 1617 831 1671 publicam
862 1618 1111 1670 spectabant,
1140 1618 1187 1657 de
1216 1631 1286 1658 sua
1314 1618 1530 1669 sententia,

228 1708 552 1760 quemadmodum
582 1709 752 1747 maxime
780 1709 820 1746 in
849 1721 931 1747 rem
958 1709 1038 1747 fore
1054 1708 1179 1746 visum
1196 1712 1275 1758 est,
1292 1708 1527 1747 emendavit.

229 1799 401 1850 Legibus
440 1798 689 1838 emendandis
733 1799 900 1851 praefuit
943 1798 1138 1850 Cephalus
1182 1798 1406 1837 Corinthius
1420 1828 1430 1848 ,
1468 1798 1529 1836 vir

229 1887 403 1927 doctrina
427 1891 545 1940 atque
572 1889 727 1941 ingenio
755 1888 951 1928 inclitus.’'
985 1888 1162 1928 Instituit
1189 1889 1308 1928 etiam
1324 1888 1438 1941 (Cap.
1456 1890 1527 1940 70,

227 1981 249 2030 ξ
278 1981 319 2029 6)
361 1992 535 2018 annuum
562 1980 835 2030 magistratum
865 1977 1076 2025 ἐπώνυμον,
1106 1979 1388 2029 amphipoliam
1416 1979 1528 2018 ,Iovis

229 2069 425 2121 Olympii3
466 2069 613 2120 primus
654 2069 899 2121 amphipolus
935 2069 1008 2108 fuit
1038 2069 1282 2108 Callimenes.
1315 2069 1450 2121 Usque
1478 2070 1527 2109 ad

229 2158 389 2198 Diodori
415 2162 610 2210 tempora,
639 2172 707 2211 per
737 2158 836 2197 CCC
866 2171 1008 2209 annOS,
1039 2159 1078 2197 in
1107 2171 1257 2197 summo
1286 2158 1429 2197 honore
1453 2160 1527 2198 fuit

227 2249 485 2301 amphipolia3
525 2253 719 2300 postremo
746 2250 904 2287 civitate
931 2249 1110 2287 Romana
1141 2262 1229 2287 cum
1256 2248 1396 2287 Siculis
1424 2261 1529 2287 com-

226 2340 424 2379 municata
461 2340 586 2378 iacere
626 2339 750 2390 eoepit
788 2339 853 2377 ille
881 2339 1144 2389 magistratus.
1176 2337 1370 2377 Ciceronis
1399 2341 1528 2376 aetate

227 2434 271 2469 ut
299 2434 415 2469 antea
443 2429 628 2479 florebat3
657 2429 770 2467 Verr.
799 2428 845 2466 L.
876 2427 942 2477 II,
973 2427 1067 2479 Cap.
1098 2429 1167 2466 51:
1204 2427 1431 2479 „Syracusis
1460 2428 1526 2466 lex

227 2523 285 2558 est
313 2519 360 2557 de
389 2520 593 2571 religione,
621 2532 720 2570 quae
748 2519 787 2556 in
817 2531 937 2557 annos
966 2518 1136 2568 singulos
1166 2517 1269 2556 Iovis
1286 2517 1523 2556 sacerdotem
