1785 2956
858 265 907 301 53

282 401 357 438 τῶν
392 400 424 438 δ’
450 399 711 450 α’χμαλεότων
740 401 771 440 οἱ
801 401 870 448 μὲν
901 402 1033 440 πολλοιΙ
1063 398 1321 444 διεκλοὶπησαν
1352 400 1425 439 ὑπὸ
1455 402 1530 438 τῶν

231 494 492 542 στρατιωτῶν,
532 492 584 536 εἷς
624 492 661 530 δὲ
691 492 804 531 κοινὸν
832 485 1127 540 ἀπεδείχθησαν
1154 490 1458 539 πεντακισχίλιοι
1487 493 1531 528 τὸ

231 579 390 629 πλῆθος.
421 581 534 620 Diod.
575 582 628 620 1.l.
671 585 794 621 totam
823 569 1014 621 summam
1028 582 1269 633 captivorum
1284 581 1365 619 XV
1380 582 1530 619 milium

233 670 350 711 fuisse
377 670 491 721 dicit;
532 669 572 709 X
612 670 720 709 milia
758 670 879 722 igitur
921 683 944 710 a
971 670 1161 709 militibus
1189 670 1405 710 interversa
1428 646 1533 710 sunt,-

234 761 343 799 Idem
371 761 517 799 factum
543 764 602 798 est
629 764 715 811 post
745 761 853 798 illam
868 760 1016 798 cladem
1041 760 1342 798 Atheniensium
1357 761 1398 798 in
1413 773 1532 811 expe-

235 849 379 890 ditione
406 850 617 901 Siciliensi,
645 850 692 889 de
719 863 797 902 qua
826 863 867 889 re
885 850 932 889 cf.
948 850 1069 889 vitam
1085 849 1221 889 Niciae
1236 849 1331 902 Cap.
1348 849 1532 889 XXVII.

289 1030 308 1074 ἡ
336 1029 582 1076 Τιμολέοντος
609 1053 659 1058 —-
675 1032 788 1079 σκηνὴ
806 1028 1118 1078 περισωρευθεῖσα
1136 1030 1388 1073 παντοδαποῖς
1405 1032 1535 1080 mmd-

235 1132 316 1166 ροις.
333 1119 384 1158 V.
401 1120 535 1159 eadem
549 1134 611 1172 ap.
629 1120 742 1160 Diod.
756 1134 765 1171 ;
780 1121 835 1159 ait
851 1124 983 1160 autem
999 1120 1093 1172 Cap.
1111 1122 1182 1170 80,
1197 1121 1218 1171 ξ
1235 1122 1279 1159 6:
1301 1120 1535 1170 „Armorum

236 1222 378 1261 magna
418 1213 528 1261 parte
569 1211 727 1249 flumine
762 1214 945 1262 corrupta
981 1210 1031 1249 ad
1058 1211 1295 1262 praetorium
1325 1211 1366 1249 M
1394 1211 1535 1249 loricae

237 1303 275 1353 et
316 1301 403 1351 plus
448 1300 488 1338 X
529 1301 684 1339 milibus
723 1301 948 1351 clypeorum
978 1301 1097 1339 allata
1124 1305 1226 1338 sunt.
1257 1300 1366 1344 Quae
1397 1301 1535 1338 deinde

236 1391 379 1444 partim
406 1391 445 1429 in
476 1390 805 1443 Syracusanorum
833 1391 987 1443 templis
1015 1390 1086 1429 diis
1115 1390 1263 1441 dicata,
1279 1391 1422 1443 partim
1433 1391 1534 1430 inter

237 1483 357 1528 socios
393 1482 516 1521 divisa
543 1485 654 1531 sunt,
683 1481 870 1521 nonnulla
899 1480 1100 1521 Timoleon
1130 1480 1361 1521 Corinthum
1391 1481 1537 1521 misit.”

289 1661 509 1710 βαρβαρικοὶ
550 1664 678 1698 ,σκῦλα
720 1658 947 1703 καλλίσταις
989 1658 1228 1707 ἐπιγραφαῖς
1271 1659 1454 1703 δηλοῦνται
1486 1682 1536 1689 -

238 1750 292 1792 ὅτι
336 1751 512 1800 Κορίνθιοι
538 1774 587 1778 —
615 1752 843 1798 χαριστήρια
877 1750 979 1793 θεοῖς
1006 1747 1210 1793 ἀνέθηκαν.
1238 1748 1286 1788 In
1313 1749 1391 1789 fine
1418 1750 1537 1789 inter-

239 1846 374 1884 cidisse
400 1843 553 1882 videtur
581 1853 792 1893 pronomen
807 1838 898 1877 τάδε
916 1869 925 1889 ,
941 1839 1044 1891 quod
1059 1840 1101 1877 in
1115 1839 1361 1878 donariorum
1376 1841 1538 1893 inscrip-

238 1934 408 1975 tionibus
449 1933 605 1973 solitum
641 1935 699 1972 est
738 1934 777 1971 et
801 1930 1072 1970 necessarium.
1104 1929 1282 1982 Apparet
1310 1944 1346 1969 v.
1376 1944 1407 1970 c.
1437 1931 1538 1971 infra

240 2026 335 2077 Cap.
346 2023 492 2062 XXXI
504 2038 511 2062 :
527 2036 549 2060 τ
561 2021 586 2060 οὶ
597 2036 619 2060 σ
631 2022 662 2060 δ’
678 2022 982 2069 ὀστρειογραφεῖς
992 2021 1056 2057 καὶ
1067 2019 1537 2069 χρυσελεφαντηλέκτρους

713 2112 878 2157 ἀσπίδας
904 2111 1085 2155 ἀσπιδίοις
1113 2109 1259 2157 εἵλομεν
1287 2111 1477 2152 εὐτελέσι.

239 2206 351 2245 Thuc
378 2206 424 2245 L.
455 2205 496 2255 1,
525 2205 620 2257 Cap.
654 2205 747 2242 132:

388 2295 578 2340 Ἑλλήνων
603 2295 777 2343 ἀρχηγὸς
804 2292 884 2330 ἐπεὶ
905 2292 1064 2339 στρατὸν
1080 2290 1195 2329 ὤλεσε
1224 2291 1389 2343 Μήδων,

715 2383 934 2429 Παυσανίας
950 2383 1074 2434 Φοίβῳ
1089 2386 1207 2432 μνῆμ’
1222 2384 1384 2429 ἀνέθηκε
1415 2400 1438 2424 τ
1450 2386 1469 2425 o'
1480 2385 1500 2424 δ
1512 2401 1542 2425 ε.
