1785 2956
873 280 923 318 50

304 417 467 455 Certum
518 420 597 466 est,
640 415 840 462 κεκλαιγώς
883 430 944 468 ap.
987 417 1093 455 Plut.
1135 418 1318 456 vitiosum
1359 432 1442 458 esse
1482 433 1552 472 pro

245 506 478 553 κεκλαγγώς
491 538 499 554 ,
530 506 633 558 quod
663 507 792 558 ipsum
820 507 1018 558 scripsisse
1045 507 1192 559 opinor.

699 687 730 725 C
742 687 780 725 A
792 687 839 728 P.
881 687 921 725 X
931 687 971 725 X
982 688 1020 726 V
1031 688 1052 725 I
1064 688 1095 726 I.

296 870 340 907 τὸ
370 868 439 916 μὲν
469 864 528 907 οὖν
560 866 638 912 ἔτος
667 866 869 913 ἱσταμένου
896 866 1024 914 δέρους
1050 865 1154 915 εἶχεν
1178 867 1295 916 ὅροιν.
1313 869 1376 907 καὶ
1393 869 1547 916 λήγοντι

240 963 330 1007 μηνὶ
374 962 613 1007 Θαργηλιῶνι
644 959 732 1006 πρὸς
760 959 831 1003 τὰ,-
859 959 1003 1006 τροπὸις
1036 959 1100 1003 ἤδη
1131 964 1297 1004 συνῆπτε
1325 961 1388 999 τὸν
1427 964 1547 1000 κακόν.

241 1051 411 1091 Diodoro
438 1055 596 1090 auctore
624 1050 813 1102 proelium
842 1048 892 1088 ad
922 1048 1130 1088 Crimisum
1163 1050 1310 1089 factum
1340 1054 1398 1090 est
1426 1064 1460 1090 a.
1478 1050 1541 1091 Ol.

239 1142 338 1192 CX,
388 1143 432 1192 1;
477 1153 570 1192 ergo
609 1140 702 1192 quia
730 1140 938 1179 solstitium
966 1140 1158 1179 aestivum
1187 1141 1544 1193 appropinquabat,

237 1245 339 1271 anno
376 1245 412 1270 a.
444 1231 488 1270 O.
519 1233 608 1269 339.
640 1231 744 1269 Casu
773 1231 933 1280 accidit,
962 1235 1005 1268 ut
1035 1231 1117 1281 ipse
1146 1231 1253 1269 Plut.
1282 1232 1358 1270 alio
1388 1233 1469 1271 loco
1499 1233 1546 1272 de

236 1324 321 1374 ipso
349 1322 623 1362 celeberrimae
652 1322 836 1360 victoriae
864 1321 925 1360 die
943 1321 1112 1360 traderet
1128 1335 1137 1372 ;
1152 1322 1218 1373 qui
1234 1321 1274 1360 in
1290 1322 1373 1361 vita
1390 1321 1545 1362 Camilli

239 1413 335 1464 Cap.
366 1412 471 1451 XIX
501 1415 682 1450 enarrata
698 1424 831 1463 pugna
847 1409 1013 1449 Alliensi
1031 1411 1155 1449 claras
1170 1411 1352 1450 victorias
1366 1412 1544 1464 diesque,

235 1503 378 1554 quibus
406 1506 628 1553 reportatae
655 1502 754 1550 sint,
785 1514 1016 1539 enumerans
1031 1501 1087 1539 ita
1101 1502 1294 1551 loquitur:
1312 1506 1376 1539 καὶ
1393 1508 1545 1550 Καρχη-

235 1593 340 1631 δόνιοι
384 1594 468 1640 περὶ
512 1591 690 1630 Σικελίαν
734 1591 806 1629 ὑπὸ
849 1590 1097 1637 Τιμολέεντος
1128 1591 1293 1635 ἡττῶντο
1322 1597 1368 1641 τῇ
1397 1591 1544 1644 ἑβδόμῃ

234 1683 433 1734 &Slvom-03
476 1708 527 1713 —
572 1685 836 1731 Θαργηλιῶνος
874 1684 982 1735 (ergo
1023 1683 1084 1722 die
1113 1684 1165 1722 24
1196 1684 1340 1723 mensis
1370 1683 1543 1736 Thai-ge-

234 1775 369 1824 lionis,
413 1775 515 1813 eirca
557 1774 659 1812 diem
703 1776 739 1812 9.
770 1774 831 1812 vel
865 1775 925 1812 10.
954 1774 1096 1812 mensis
1126 1774 1270 1825 Iunii),
1299 1774 1433 1813 eodem
1461 1774 1542 1828 die,

234 1878 311 1917 quo
354 1864 512 1904 Troiam
556 1867 711 1916 captam
752 1844 836 1903 esse
879 1863 1094 1916 putabant;
1131 1867 1328 1903 auctorem
1365 1864 1543 1904 nominat

238 1955 454 2007 Ephorum.
495 1953 629 1993 Aliam
656 1955 837 1993 notitiam
866 1955 979 1993 affert
1008 1954 1139 2006 Nepos
1165 1955 1205 1993 in
1235 1954 1330 1993 Vita
1358 1955 1453 2006 Cap.
1482 1955 1541 1994 V:

240 2046 409 2098 „proelia
452 2046 626 2084 maxima
653 2046 775 2084 natali
806 2058 875 2084 suo
904 2045 965 2084 die
993 2046 1084 2085 feeit
1112 2046 1252 2084 omnia.
1283 2045 1370 2090 Quo
1397 2046 1542 2085 factum

231 2140 317 2186 est,
346 2139 390 2174 ut
419 2136 502 2175 eius
531 2135 632 2175 diem
650 2136 822 2175 natalem
839 2136 980 2176 festum
998 2136 1159 2175 haberet
1175 2136 1357 2176 universa
1371 2137 1540 2176 Sicilia.'’

234 2226 346 2272 Quae
373 2227 405 2264 si
433 2238 549 2276 vera,
579 2229 752 2265 statuere
782 2227 872 2265 licet
901 2226 1003 2265 diem
1022 2229 1072 2265 24
1087 2228 1229 2266 mensis
1244 2227 1538 2279 Thargelionin,

233 2330 310 2369 quo
340 2329 474 2368 pugna
502 2317 553 2356 ad
583 2316 795 2356 Crimisum
828 2318 1032 2356 commissa
1059 2321 1139 2367 est,
1164 2317 1415 2357 Timoleontis
1428 2323 1538 2359 nata-

229 2409 307 2448 lem
334 2408 464 2447 fuisse.
