1785 2956
848 271 898 307 38

218 405 419 454 κατηγόρει
460 407 525 444 τοῦ
569 405 728 450 Δίωνος,
774 403 829 444 ὅτι
873 406 940 450 τὴν
980 403 1099 453 ἄκραν
1135 406 1175 445 οὐ
1203 405 1427 453 κατέσκαψε
1457 408 1524 444 καὶ

218 502 273 550 τῷ
312 496 421 547 δήμῳ
464 497 526 535 τὸν
572 495 761 535 Διονυσίου
804 494 930 545 τάφον
973 495 1173 544 ὡρμημένῳ
1214 501 1327 535 λῦσαι
1360 499 1426 535 uxi
1461 497 1523 536 τὸν

220 589 342 637 νεκρὸν
371 587 553 634 ἐκβαλεῖν
581 587 646 626 οὐκ
675 586 877 635 ἐπέτρεψε.
906 587 967 626 De
995 588 1193 626 eversione
1216 588 1316 626 arcis
1333 588 1381 627 cf.
1396 588 1526 640 Nepo-

220 683 299 718 tem
342 678 438 730 Cap.
483 678 571 717 III:
607 677 777 727 „Arcem
810 677 1035 729 Syracusis,
1065 690 1182 728 quam
1210 678 1404 716 munierat
1434 678 1526 716 Dio-

220 768 357 821 nysius
398 767 448 807 ad
488 767 626 806 urbem
674 766 925 806 obsidendam
939 796 949 816 ,
990 779 1015 805 a
1054 766 1317 806 fundamentis
1354 767 1525 819 disiecit,

221 861 350 896 cetera
399 857 618 908 tyrannidis
660 857 952 907 propugnacula
993 856 1198 894 demolitus
1244 860 1303 895 est
1345 856 1527 908 deditque

221 960 401 1000 operam,
444 950 488 986 ut
530 960 648 999 quam
689 946 849 986 minime
873 947 996 985 multa
1026 946 1190 997 vestigia
1220 946 1418 986 servitutis
1446 961 1526 986 ma-

221 1038 398 1077 nerent.'’

274 1216 398 1265 ἆρχὴν
441 1215 659 1265 ἐλευθερίας
699 1215 940 1263 ποιησάμενοι
981 1216 1238 1263 βεβαιοτάτην
1279 1217 1321 1257 τὸ
1350 1217 1530 1266 κήρυγμα

225 1309 292 1345 καὶ
334 1310 402 1355 τὴν
445 1306 585 1354 ἡμέραν
629 1306 781 1350 ἐκείνην.
811 1307 993 1349 Fortasse
1022 1307 1219 1346 Plutarchi
1246 1309 1366 1346 oculis
1397 1308 1531 1347 obver-

223 1397 385 1438 sabatur
412 1397 637 1437 notissimus
668 1398 775 1437 locus
803 1411 825 1437 e
853 1397 1124 1450 Xenophontis
1152 1398 1257 1437 Hist.
1286 1398 1355 1437 Gr.
1384 1399 1447 1448 (L.
1467 1398 1530 1437 ΙΙ,

225 1487 321 1540 Cap.
364 1489 401 1539 2,
443 1489 534 1540 24),
574 1487 642 1527 ubi
684 1488 819 1527 exules
855 1487 1059 1540 Lysandro
1087 1487 1183 1528 duce
1210 1488 1250 1527 in
1277 1489 1446 1540 patriam
1474 1502 1532 1528 re·

225 1578 353 1618 stituti
395 1591 539 1630 magna
580 1579 806 1629 alacritate,
849 1579 956 1617 tibiis
998 1578 1248 1629 canentibus,
1286 1578 1533 1617 Athenarum

225 1669 379 1709 moenia
420 1669 583 1710 diruisse
624 1674 855 1720 narrantur,
898 1670 1104 1718 νομίζοντες
1135 1669 1366 1713 ἐκείνηντὴν
1394 1668 1533 1717 ἡμέραν

225 1762 272 1807 τῇ
301 1756 462 1797 Ἑλλάδι
493 1756 626 1808 ἄρχειν
654 1764 723 1804 τῆς
754 1758 987 1807 ἐλευθερίας.

278 1939 353 1976 τῶν
394 1937 432 1977 δὲ
474 1937 547 1984 τὰς
585 1938 802 1987 τυραννίδας
842 1935 1074 1988 φευγόντων.
1118 1939 1267 1979 Notum
1310 1944 1370 1979 est
1412 1940 1535 1979 nostri

225 2028 378 2068 arbitrii
420 2042 526 2080 esso,
567 2033 701 2068 utrum
738 2029 1001 2069 adhibendum
1033 2029 1083 2068 sit
1109 2030 1151 2069 in
1181 2029 1325 2070 talibus
1354 2043 1535 2083 praesens

224 2122 379 2171 tempus
409 2132 460 2158 an
488 2119 667 2159 aoristus.
698 2119 909 2158 Probabile
939 2119 1094 2159 videtur
1108 2133 1295 2172 reponere
1309 2120 1531 2170 φυγόντων,

225 2212 385 2263 propter
425 2207 714 2259 διαφθαρέντων
756 2209 860 2263 quod
900 2210 1078 2263 proxime
1120 2210 1337 2263 praecedit3
1369 2210 1531 2251 eandem

226 2300 432 2339 lectionem
475 2299 622 2339 habent
663 2300 870 2351 Reiskius,
909 2300 1073 2350 Cor-aes,
1103 2300 1335 2339 Schaeferus
1365 2304 1403 2339 et
1433 2300 1534 2339 bona

227 2402 318 2441 pars
350 2389 538 2429 codicum.
568 2389 671 2429 Item
702 2389 798 2442 Cap.
825 2390 1093 2443 praecedenti,
1121 2390 1162 2429 in
1189 2390 1319 2429 verbis
1346 2392 1421 2427 τῶν
1450 2392 1534 2437 περὶ

227 2479 289 2518 τὸν
330 2478 471 2524 Ἱκέτην
511 2479 802 2528 ἀνατραπέντων
844 2484 908 2519 xxi
947 2477 1189 2530 φευγόντων,
1220 2480 1354 2520 eadem
1380 2481 1536 2519 literula
