1785 2956
876 271 923 307 14

248 408 316 452 τὴν
333 405 514 454 ἁρπαγὴν
528 405 665 444 αὐτόθι
681 408 936 452 μυθολογοῦσι
947 398 1147 457 γενέσθᾶμ
1158 406 1255 450 Quis
1271 407 1333 444 hic
1346 419 1423 444 non
1435 418 1559 444 recor·
1613 406 1617 410 '

250 495 366 534 datur
386 496 513 535 locum
530 496 726 555 Ciceronis
742 497 782 536 in
798 497 898 536 libro
913 497 961 537 de
979 496 1110 548 Signis
1126 495 1257 547 (Verrss
1274 496 1347 546 IV,
1365 496 1460 547 Gap.
1476 497 1559 545 48),

249 583 317 623 ubi
348 584 455 623 urbis
485 584 757 624 Hennensium
785 585 903 625 situm
933 589 972 626 et
1000 589 1182 626 naturam
1197 585 1386 638 exponit?
1406 584 1555 635 „Vetus

250 679 309 712 est
352 675 448 713 haec
478 677 607 726 opinio
619 675 655 726 ,”

684 677 740 714 ait
769 677 925 727 Cicero,
961 690 1083 728 „quae
1112 680 1262 715 constat
1290 689 1341 714 ex
1367 676 1554 727 antiquis-

251 766 358 804 simis
388 764 627 804 Graecorum
657 767 780 806 literis
807 780 853 806 ac
883 767 1169 817 monumentis,
1193 767 1360 805 insulam
1384 765 1556 804 Siciliam

251 860 376 895 totam
404 869 488 896 esse
517 856 650 896 Cereri
678 860 716 896 et
732 857 897 897 Liberae
912 861 1187 897 consecratam.
1203 857 1291 897 Hoc
1305 870 1392 896 cum
1407 859 1558 895 ceterae

253 951 389 997 gentes
432 947 486 985 sio
526 947 790 997 arbitrantur,
828 952 912 986 tum
948 948 1042 999 ipsis
1079 947 1219 986 Siculis
1248 948 1304 985 ita
1331 958 1558 998 persuasum

251 1039 331 1087 est,
360 1039 404 1075 ut
432 1036 473 1075 in
501 1036 641 1075 animis
669 1050 803 1076 eorum
831 1037 992 1077 insitum
1007 1041 1125 1089 atque
1139 1037 1318 1076 innatum
1332 1047 1416 1075 esse
1430 1033 1558 1074 videa-

249 1129 336 1175 tur3
364 1138 457 1164 nam
486 1129 525 1164 et
553 1129 666 1165 natas
697 1138 781 1165 esse
810 1126 880 1165 has
911 1126 951 1164 in
980 1126 1035 1165 eis
1064 1126 1157 1165 locis
1186 1125 1277 1165 deas
1306 1127 1345 1164 et
1372 1125 1503 1176 fruges
1518 1123 1558 1161 in

248 1229 294 1256 ea
324 1220 429 1256 terra
457 1218 627 1270 primum
656 1222 830 1270 repertas
859 1231 943 1258 esse
969 1217 1211 1257 arbitrantur
1239 1221 1279 1256 et
1306 1220 1460 1269 raptam
1474 1227 1558 1254 esse

251 1307 458 1357 Liberam,
486 1320 604 1358 quam
633 1309 795 1346 eandem
824 1309 1101 1359 Proserpinam
1130 1311 1292 1356 vocant,
1308 1320 1359 1345 ex
1373 1306 1560 1344 Hennen-

249 1397 352 1435 sium
381 1397 587 1448 nemore'’;
617 1411 842 1450 quanquam
868 1412 915 1439 ea
941 1399 1083 1438 verba:
1118 1411 1258 1450 „quam
1287 1396 1449 1437 eandem
1464 1395 1560 1434 Pro-

251 1486 450 1538 serpinam
502 1489 690 1538 vocant”,
741 1489 907 1528 libenter
960 1479 1147 1540 magistro
1190 1487 1361 1527 scholion
1403 1485 1561 1524 addenti

248 1577 468 1628 relinquere
511 1577 650 1627 velim,
680 1591 726 1617 ea
754 1580 878 1630 magis
906 1580 1036 1631 pueris
1065 1579 1290 1617 Ciceronem
1318 1577 1560 1629 legentibus,

251 1679 371 1718 quam
404 1666 526 1718 ipsius
556 1666 805 1718 aequalibus,
835 1671 903 1706 aut
931 1668 1148 1707 necessaria
1175 1671 1243 1707 aut
1273 1666 1431 1706 ferenda
1458 1665 1560 1705 arbi·

250 1761 389 1795 tratus.
420 1757 473 1795 Et
503 1758 622 1808 paulo
651 1758 753 1796 infra
780 1758 827 1797 de
856 1762 972 1809 raptu
998 1759 1065 1797 illo
1093 1758 1255 1809 virginis
1283 1757 1396 1796 deae:
1421 1768 1564 1808 ,prope

249 1851 308 1887 est
352 1848 537 1900 spelunea
580 1847 791 1900 quaedam,
834 1861 1020 1887 conversa
1061 1847 1111 1887 ad
1137 1847 1382 1899 aquilonem,
1411 1844 1565 1884 infinita

250 1938 480 1989 altitudine,
524 1952 602 1990 qua
644 1939 777 1977 Ditem
804 1943 956 1990 patrem
988 1940 1117 1977 ferunt
1144 1941 1305 1990 repente
1331 1950 1420 1975 cum
1448 1948 1565 1975 curru

252 2029 451 2068 exstitisse
480 2029 763 2081 abreptamque
791 2042 842 2068 ex
871 2042 915 2068 eo
945 2030 1028 2068 loco
1057 2029 1249 2080 virginem
1277 2040 1407 2067 secum
1434 2038 1566 2078 aspor-

251 2122 378 2168 tasse,
420 2123 459 2157 et
501 2119 631 2158 subito
673 2132 749 2158 non
791 2120 906 2171 longe
950 2133 973 2158 a
1010 2119 1213 2171 Syracusis
1242 2121 1465 2171 penetrasse
1493 2116 1566 2155 sub

254 2213 379 2249 terras
408 2210 615 2263 lacumque
646 2211 687 2249 in
716 2223 760 2250 eo
787 2211 871 2249 loco
898 2215 1059 2263 repente
1088 2211 1310 2251 exstitisse''
1339 2223 1372 2249 e.
1402 2222 1439 2261 q.
1468 2221 1498 2246 s.
