1785 2956
869 239 921 275 40

243 375 327 417 τοὺς
369 375 440 413 ὑπὸ
483 374 680 422 Κορινθίων
720 374 1022 422 ἐκπεμφθέντας
1064 375 1255 423 οικήτορα,·
1286 373 1545 424 φιλοφρόνως,

243 464 352 510 ὄντας
380 466 445 503 τὸν
473 464 632 513 ἀριθμὸν
661 466 1006 513 πεντακισχιλίους.

296 647 361 683 καὶ
411 628 623 692 γενομένοις
675 644 803 687 αὐτοῖς
854 643 1130 692 ἑξακισμυρίοις
1177 645 1221 682 τὸ
1266 646 1427 693 πλῆθος.
1471 644 1550 683 Hie

245 747 399 787 quoque
427 735 616 774 minorem
643 747 850 773 numerum
878 734 998 773 tradit
1025 734 1147 785 Diod,
1175 735 1243 787 qui
1257 737 1413 775 sextam
1428 714 1549 773 demit

243 828 417 877 partem3
461 824 506 863 O.
535 826 607 875 82,
638 826 681 863 5:
711 823 936 872 κηρύξαντος
965 824 1116 864 δἀὐτοῦ
1148 824 1251 863 κατα
1279 825 1346 869 τὴν
1376 824 1552 863 Ἐλλάδα

243 914 334 954 διότι
375 915 407 954 οἱ
450 914 667 963 Συρακόσιοι
708 915 846 954 διδόασι
888 915 1016 963 χώραν
1061 918 1126 953 καὶ
1166 916 1284 960 οἰκίας
1312 919 1389 960 τοῖ’,-
1416 915 1553 962 βουλο-

248 1003 370 1051 μένοι;
406 1004 587 1053 μετέχειν
614 1010 682 1054 τῆς
712 1005 748 1043 ἐν
777 1004 1034 1053 Συρακούσαις
1063 1005 1279 1053 πολιτείοις,
1308 1007 1442 1044 πολλοὶ
1467 1005 1555 1052 πρὸς

241 1098 309 1144 τὴν
338 1094 566 1143 κληρουχίαν
591 1096 778 1140 Ἕλληνες
806 1095 1028 1139 ἀπήντησαν
1060 1094 1182 1138 τέλος.
1211 1094 1439 1142 δὀἱκῆτορες
1457 1097 1552 1132 ἀπε-

245 1184 460 1234 δείχθησαν
490 1184 542 1230 εἷς
569 1184 640 1231 μὲν
666 1184 995 1233 τὴν-Συρακοσίαν
1025 1185 1091 1230 τὴν
1121 1185 1326 1233 ἀδιαίρετον
1359 1199 1555 1233 τετρακισ-

247 1274 388 1324 μύριοι,
432 1276 486 1319 εῗς
526 1274 564 1313 δὲ
605 1274 672 1319 τὴν
713 1274 958 1323 Ἀγυριναίαν
987 1277 1105 1323 μιῖριοι
1135 1274 1195 1314 διὰ
1223 1277 1267 1314 τὸ
1295 1274 1463 1323 μέγεθος
1491 1275 1554 1314 καὶ

247 1370 387 1412 κάλλος
415 1370 482 1415 τῆς
510 1369 651 1416 χώρας.

300 1456 347 1501 ὡς
383 1456 551 1502 ’Ἄθανις
591 1455 723 1505 εἴρηκε.
766 1457 839 1497 Est
880 1458 944 1497 hic
986 1471 1037 1497 ex
1079 1458 1263 1498 historiae
1304 1458 1557 1511 scriptoribus

245 1560 322 1586 non
363 1548 595 1599 notissimis,
637 1561 753 1600 quem
792 1548 852 1588 bis
892 1550 1068 1588 nominat
1110 1549 1369 1600 Plutarchus,
1400 1562 1451 1588 ex
1480 1562 1557 1601 quo

249 1635 344 1688 Cap.
389 1636 599 1676 XXXVII
636 1638 817 1677 notitiam
859 1638 1033 1677 hauserit
1077 1638 1125 1677 de
1167 1639 1366 1677 oculorum
1404 1639 1559 1688 morbo,

248 1740 326 1779 quo
355 1726 557 1766 Timoleon
580 1727 622 1766 in
636 1726 883 1780 expeditione
897 1727 1084 1767 adversus
1098 1727 1324 1780 Hipponem
1339 1731 1377 1768 et
1392 1728 1560 1768 Mamer-

248 1830 337 1857 cum
379 1822 567 1871 tyrannos
607 1818 787 1858 laborare
834 1818 973 1871 coepit.
1004 1817 1083 1871 Ap.
1114 1817 1366 1858 Athenaeum
1394 1819 1441 1859 L.
1470 1819 1560 1870 III,

249 1923 339 1961 pag.
368 1911 419 1948 98
451 1909 502 1948 D.
531 1909 714 1948 laudatur
740 1909 889 1961 primus
917 1909 1015 1948 liber
1042 1909 1125 1948 eius
1155 1910 1375 1948 Σικελικῶν.
1404 1909 1439 1947 Ε
1470 1909 1563 1948 Dio-

253 1999 337 2039 dori
379 1998 425 2038 L.
472 1998 553 2038 XV
593 1998 666 2038 sub
708 1999 826 2039 finem
867 1998 982 2051 (Cap.
1025 2000 1094 2050 94)
1131 2002 1261 2051 patet,
1299 1999 1402 2038 huno
1431 2012 1562 2038 rerum

252 2090 501 2142 scriptorem,
531 2089 598 2141 qui
626 2088 730 2141 apud
758 2102 849 2128 eum
877 2089 1033 2128 nomine
1062 2089 1200 2129 leviter
1216 2092 1367 2128 mutato
1386 2086 1562 2133 Ἀθάνας

253 2180 383 2229 audit,
425 2178 535 2217 XIII
572 2178 691 2217 libros
718 2179 916 2231 scripsisse
943 2179 991 2218 de
1018 2179 1135 2218 rebus
1163 2179 1282 2231 gestis
1310 2178 1447 2218 Dionis
1473 2177 1563 2217 inde

250 2270 301 2310 ab
329 2282 365 2309 a.
396 2268 458 2309 01.
489 2269 606 2322 CIV,
635 2271 681 2321 3,
708 2282 744 2310 a.
776 2269 821 2310 O.
850 2271 951 2318 362,
979 2282 1069 2310 cum
1100 2282 1179 2309 uno
1205 2269 1305 2309 libro
1331 2267 1417 2309 VII
1445 2281 1563 2308 anno-

250 2373 340 2401 rum
379 2361 583 2401 historiam
624 2361 794 2401 breviter
836 2362 1065 2413 complexus
1105 2360 1265 2401 Philisti
1305 2373 1403 2413 opus
1444 2359 1565 2400 conti-

248 2451 440 2491 nuaverit.
