1785 2956
852 309 898 346 21

219 447 364 484 milites
405 445 455 483 ad
495 457 666 496 pugnam
704 444 927 483 cohortatur
954 445 1075 494 (Hist.
1106 444 1174 482 Gr.
1203 444 1269 494 ΙΙ,
1299 447 1343 495 4,
1378 444 1462 497 17):
1494 442 1519 482 ὦ

221 534 395 594 μακάριοι
428 534 548 580 δῆτα,
587 529 619 574 οἳ
655 536 701 573 ἂν
729 535 833 581 ἡμῶν
861 534 1077 580 νικήσαντες
1109 535 1257 575 ἐπίδωσι
1286 539 1353 585 τὴν
1385 540 1519 576 πασῶν

222 625 370 670 ἡδίστην
408 624 558 672 ἡμέραν.
601 625 710 664 Infra
734 625 837 664 idem
870 625 1032 665 verbum
1059 627 1224 665 occurrit
1251 639 1313 679 ap.
1344 630 1518 666 nostrum

223 717 318 768 Gap.
358 717 461 755 XV:
506 715 667 754 Πλάτων
707 717 776 762 μὲν
813 713 871 754 οὖν
898 717 963 755 οὐκ
1005 715 1149 753 ἐπεῖδεν
1175 716 1212 753 ἐν
1240 718 1407 766 Κορὶνθῳ
1436 722 1521 755 Διο-

221 808 360 851 νιΙσιονς
390 819 490 859 quae
515 810 752 859 sequuntur,
782 806 1023 846 extrinsecus
1040 806 1171 846 addita
1187 820 1270 847 esse
1286 807 1519 848 contendere

220 911 297 937 non
338 898 461 937 ausim
477 929 487 949 ,
529 898 598 938 sed
639 901 743 937 certe
770 897 970 936 abundant
999 900 1038 936 et
1068 897 1202 936 abesse
1230 899 1404 949 possint3
1434 897 1518 937 dico

219 989 364 1028 verba:
402 989 491 1027 ἀλλ’
520 984 655 1036 ἔτιιχεν
680 986 743 1032 ἤδη
771 986 980 1038 τεθνηκώ;;
1008 988 1174 1026 occurrit
1204 987 1298 1040 Gap.
1329 988 1517 1028 XXXVI

219 1081 338 1118 extr.:
382 1075 428 1116 ὦν
470 1076 649 1129 (ἀγαθῶν
692 1078 792 1129 scil.)
819 1076 1001 1125 μέγιστον
1033 1074 1073 1122 ἦν
1098 1078 1139 1118 τὸ
1168 1077 1297 1123 πόλεις
1319 1080 1517 1125 ’τοσαύτας

218 1168 283 1205 καὶ
324 1167 503 1215 μυριάδας
540 1167 742 1215 ἀνθρώπων
770 1166 950 1206 δι’ἐαυτὸν
975 1168 1112 1216 ἐφορᾶν
1142 1167 1451 1219 εὐδαιμονοιῖσαςς
1478 1173 1518 1208 et

219 1258 312 1310 Gap.
358 1259 587 1297 XXXVII:
629 1262 706 1303 τοῖς
747 1259 785 1297 δὲ
828 1262 931 1303 θεοῖς
973 1257 1046 1307 ἔφη
1087 1258 1200 1306 χάριν
1242 1260 1432 1309 ὀφείλειν,
1463 1256 1515 1303 ὄις

215 1345 351 1394 εὔξατο
380 1347 624 1396 Συρακοσίους
651 1348 788 1387 ἐπιδεῖν
814 1353 881 1394 τῆς
905 1348 1111 1397 παρρησίας
1126 1348 1264 1397 κυρίους
1279 1347 1508 1396 γενομένους.

717 1531 748 1570 O
760 1531 797 1570 A
809 1530 855 1571 P.
893 1530 933 1569 X
945 1530 965 1569 I
977 1530 1009 1569 I.

266 1712 327 1751 De
352 1712 468 1750 rebus
494 1713 544 1750 ad
571 1712 775 1750 Adranum
803 1711 925 1762 gestis·
952 1711 1121 1750 breviter
1140 1712 1300 1763 exponit
1316 1711 1509 1750 Diodorus

212 1802 307 1855 Cap.
340 1804 402 1853 68,
432 1804 476 1842 9:
520 1801 702 1841 Hicetam
739 1814 827 1840 cum
855 1801 948 1840 flore
975 1804 1014 1840 et
1041 1800 1177 1841 robore
1204 1802 1400 1842 exercitus
1426 1802 1508 1852 sui,

209 1892 409 1930 hominum
437 1892 592 1930 milibus
619 1891 678 1941 V,
706 1891 920 1943 profectum
947 1903 1030 1929 esse
1057 1890 1242 1930 adversus
1265 1890 1505 1930 Hadranitas

209 1982 322 2033 (haec
362 1986 421 2021 est
460 1982 625 2021 nominis
665 1970 789 2020 forma
830 1994 893 2033 ap.
935 1980 1089 2032 Diod.)‚
1130 1986 1170 2021 et
1211 1995 1289 2022 non
1315 1983 1429 2035 longe
1456 1983 1507 2023 ab

207 2073 347 2126 oppido
396 2076 523 2112 castra
569 2072 753 2124 posuisse.
804 2071 992 2111 Nonnihil
1043 2071 1324 2125 discrepantiae
1366 2078 1425 2113 est
1466 2075 1506 2113 in

206 2176 367 2202 numero
393 2163 611 2215 copiarum,
639 2175 735 2215 quas
768 2162 1000 2202 Timoleonti
1028 2161 1166 2201 tribuit
1195 2162 1308 2203 Diod.
1338 2164 1395 2204 ita
1415 2165 1506 2205 scri-

206 2255 320 2294 bens:
374 2254 391 2292 ὁ
433 2254 470 2292 δὲ
511 2253 708 2300 Τιμολέων
750 2253 1061 2301 προσλαβόμενος
1103 2254 1208 2302 παρὰ
1248 2258 1323 2293 τῶν
1364 2261 1506 2304 Ταυρο-

204 2346 364 2392 μενιτῶν
406 2344 643 2402 στρατιώτας
685 2343 878 2393 ἀνέζευξεν
923 2345 963 2383 ἐκ
1004 2347 1069 2384 τοῦ
1109 2347 1382 2399 Ταυρομενίου,
1419 2347 1505 2394 τοὺς

203 2431 382 2478 ἅπαντας
421 2434 519 2484 ἔχων
558 2434 597 2474 οὐ
622 2433 773 2480 πλείους
799 2438 875 2473 τῶν
901 2434 1048 2484 χιλίων.
1078 2435 1273 2487 (Eundem
1298 2451 1503 2481 numerum

203 2531 334 2566 noster
371 2528 566 2580 superiore
594 2541 677 2580 cap.
707 2528 901 2579 nominat3
929 2528 1091 2568 fortasse
1118 2542 1140 2568 e
1168 2529 1505 2574 Tauromenitanis
