1785 2956
892 268 943 304 60

259 402 334 440 liae
376 401 645 451 liberatorem,
689 402 737 440 de
777 415 855 454 qua
897 416 940 442 re
985 404 1033 441 of.
1076 415 1176 454 quae
1213 404 1485 442 annotavimus
1514 403 1564 441 ad

264 490 359 542 Cap.
390 490 441 529 X.

315 672 334 713 ἡ
362 671 431 716 μὲν
460 673 697 719 ’Λντιμάχου
726 671 869 715 ποίησις
895 672 957 710 καὶ
974 672 1025 710 τὶ
1044 672 1232 710 Διονυσίου
1249 671 1545 720 ζωγραφήματα
1561 701 1571 720 ,

260 766 334 798 τῶν
365 763 618 810 Κολοφωνίων.
653 763 852 812 „Clarium
881 765 1062 815 poetam'’
1093 764 1229 802 Cicero
1256 764 1429 816 appellat
1454 762 1573 801 Anti·

261 853 464 904 machum,
498 854 680 906 oppidulo
710 854 826 893 Claro
855 867 974 906 prope
1004 854 1268 906 Colophonem
1298 853 1446 904 (Strab.
1477 866 1568 905 pag.

266 945 362 994 642)
393 947 542 982 natum.
573 944 768 983 Diodorus
799 944 862 994 (L.
893 943 1025 993 XIII,
1054 944 1150 995 Cap.
1183 945 1274 994 108)
1291 943 1571 995 Apollodorum

263 1033 547 1072 Atheniensem
575 1038 731 1072 secutus
761 1034 864 1072 hunc
891 1037 1047 1085 poetam
1079 1033 1338 1083 Artaxerxis,
1354 1033 1465 1071 Darii
1480 1033 1573 1082 filii,

261 1128 390 1164 aetate
419 1125 593 1164 floruisse
621 1125 726 1164 dicit.
756 1125 859 1164 Eum
887 1126 1090 1177 aequalem
1121 1125 1300 1164 Platonis
1330 1124 1449 1163 fuisse
1464 1124 1573 1162 novi-

265 1229 352 1254 mus
381 1228 402 1254 e
430 1216 725 1255 narratiuncula
754 1216 952 1255 Ciceronis
981 1217 1022 1254 in
1051 1216 1177 1254 Bruto
1207 1217 1228 1265 ξ
1261 1217 1357 1266 191;
1387 1227 1574 1267 magnum

262 1306 359 1344 illud
401 1307 605 1356 volumen,
647 1307 750 1358 quod
787 1306 1047 1344 Antimachus
1076 1308 1296 1345 convocatis
1327 1306 1572 1345 auditoribus

259 1396 435 1447 legebat,
477 1397 551 1435 fuit
581 1409 719 1448 poema
746 1397 900 1448 epicum
930 1397 949 1440 ἢ
981 1396 1156 1446 Θηβκΐς,
1185 1409 1236 1435 ex
1265 1408 1341 1448 quo
1373 1396 1569 1447 complus-

258 1488 346 1525 cula
374 1487 484 1525 nobis
513 1488 684 1525 servavit
712 1488 934 1538 fragmenta
966 1487 1217 1535 Athenaeus,
1246 1487 1314 1537 qui
1344 1486 1408 1535 (L.
1439 1484 1572 1533 XIII,

258 1590 348 1628 pag.
392 1578 467 1615 597
511 1578 560 1627 S.)
603 1577 774 1615 eiusdem
816 1577 984 1628 elegiam
1026 1579 1093 1624 τὴν
1136 1575 1285 1623 Λυδήν,
1328 1576 1369 1614 in
1413 1575 1567 1627 puellae

257 1668 443 1706 honorem
479 1668 561 1706 vita
588 1667 794 1705 defunctae
825 1667 1101 1718 compositam,
1134 1670 1335 1717 praeterea
1367 1666 1430 1715 (L.
1461 1665 1546 1704 VII
1564 1682 1577 1704 τ

258 1771 347 1809 pag.
392 1759 487 1808 300)
529 1770 667 1809 poema
707 1756 779 1801 τὰς
824 1755 995 1801 Δελτού,·
1042 1759 1330 1795 commemorat.
1375 1755 1477 1794 Vide
1520 1754 1568 1793 de

255 1841 398 1887 eodem>
431 1848 617 1887 iudicium
658 1862 721 1900 ap.
769 1848 1056 1893 Quintilianum
1099 1848 1163 1899 (L.
1195 1848 1257 1897 X,
1290 1849 1331 1897 l,
1362 1848 1452 1897 53),
1481 1846 1571 1897 qui,

255 1940 434 1991 quamvis
479 1939 717 1978 Antimacho
760 1939 948 1977 secundas
991 1939 1030 1976 in
1060 1939 1165 1990 poesi
1193 1938 1304 1989 epica
1332 1938 1412 1976 fere
1442 1949 1570 1987 gram-

253 2032 484 2069 maticorum
526 2043 735 2069 consensus
778 2030 947 2079 deferat,
990 2031 1104 2081 plura
1142 2034 1274 2067 tamen
1303 2029 1343 2066 in
1367 2040 1412 2066 eo
1441 2039 1570 2077 repre-

252 2119 400 2159 hendit.
433 2144 483 2148 —
515 2119 650 2158 Civem
681 2120 766 2158 eius
796 2119 1030 2171 Dionysium
1059 2119 1247 2171 pictorem
1263 2121 1566 2157 commemorant

252 2210 484 2248 Aristoteles
524 2211 625 2259 (περὶ
670 2214 862 2257 ποιητικῆς
909 2210 1005 2261 Cap.
1052 2210 1118 2258 2),
1165 2208 1353 2246 Aelianus
1386 2208 1454 2257 (V.
1486 2207 1566 2256 H..,

252 2301 297 2340 L.
343 2301 424 2351 Iv,
470 2301 565 2352 Cap.
611 2302 675 2350 3),
720 2301 787 2352 qui
829 2313 919 2339 eum
965 2300 1176 2352 Polygnoti
1207 2303 1333 2339 artem
1363 2298 1570 2350 diligenter

251 2391 442 2431 imitando
483 2391 724 2443 expressisse
763 2392 842 2440 ait,
886 2391 1040 2430 Plinius
1083 2390 1153 2440 (H.
1201 2389 1274 2439 N.,
1304 2389 1350 2428 L.
1378 2388 1571 2438 XXXV,

258 2484 352 2534 Cap.
400 2485 485 2531 10),
530 2483 595 2533 qui
637 2494 851 2532 cognomen
883 2483 966 2519 eius
1001 2479 1455 2532 „Anthropogrnphum”
1485 2480 1571 2516 lau÷
