1785 2956
869 278 919 314 58

288 414 304 452 ὃ
346 414 382 452 δὲ
428 418 630 462 Μί,κερκο,·
669 415 802 452 ἑκατὸν
844 413 1065 459 Τιμολέοντι
1110 412 1317 459 πκρέδνκεν
1369 428 1405 450 κ.
1445 427 1481 451 τ.
1516 412 1546 452 ἑ.

237 503 423 543 Mamerci
463 504 621 556 tyranni
658 503 784 544 fatum
821 505 964 556 legitur
994 504 1113 543 etiam
1141 502 1246 555 apud
1277 502 1546 554 Polyaenum,

236 593 277 630 in
313 594 440 644 capite
476 593 523 631 de
551 593 792 631 Timoleonte
821 593 1009 643 (Strateg.
1038 592 1127 630 Lib.
1156 592 1216 640 V,
1246 591 1341 642 Gap.
1376 593 1424 629 12
1441 620 1451 640 ‚
1483 592 1547 639 2)>;

237 682 345 722 addit
395 683 636 739 Polyaenus:
691 684 892 723 Timoleon
935 698 975 722 se
1017 687 1229 735 tyrannum
1272 686 1544 722 accusaturum

238 785 315 811 non
355 785 439 811 esse
479 773 634 812 iuravit.
676 773 764 812 Hac
806 772 1028 812 condicione
1072 771 1298 810 Mamercus.
1327 770 1544 824 Syracusas

238 864 357 901 venit.
389 863 466 907 Qui
492 876 580 901 cum
609 864 649 901 in
677 864 899 902 concionem
927 863 1171 901 introductus
1203 867 1329 912 esset,
1346 862 1549 900 Timoleon

238 953 295 991 ita
323 952 443 991 dixit:
477 952 662 1002 „Minime
693 953 797 992 hunc
825 953 1042 1003 accusabo,
1071 953 1145 993 hoc
1172 953 1275 991 enim
1306 952 1438 1004 pepigi
1454 964 1543 990 cum

239 1056 305 1093 eo;
347 1042 415 1082 sed
454 1055 590 1088 censeo
633 1055 723 1081 eum
764 1044 889 1094 primo
926 1056 1080 1095 quoque
1108 1046 1282 1094 tempore
1312 1045 1436 1081 morte
1467 1054 1550 1080 esse

239 1133 498 1171 multandum.
541 1133 645 1171 Eum
686 1134 811 1182 enim,
857 1134 925 1184 qui
967 1135 1109 1171 multos
1139 1134 1353 1185 deceperit,
1388 1133 1545 1171 tandem

241 1227 279 1262 et
321 1224 450 1275 ipsum
489 1223 615 1275 decipi
645 1237 715 1275 par
745 1225 843 1263 est.'’
873 1223 931 1264 Of.
961 1223 1153 1275 Nepotem
1182 1224 1222 1262 iu
1250 1223 1327 1262 fine
1358 1222 1453 1274 Cap.
1485 1222 1549 1261 II:

242 1313 380 1365 „Cepit
408 1313 526 1352 etiam
555 1313 817 1362 Mamercum,
848 1314 1031 1353 Italicum
1060 1313 1220 1364 ducem,
1250 1313 1447 1352 hominem
1465 1313 1545 1352 bel-

239 1403 401 1442 licosum
443 1408 481 1442 et
524 1408 743 1456 potentem,
786 1405 854 1457 qui
883 1409 1069 1457 tyrannos
1097 1404 1275 1443 adiutum
1301 1405 1340 1442 in
1370 1404 1541 1443 Siciliam

241 1495 440 1534 venerat.”

700 1676 838 1716 OAP.
877 1676 1082 1716 XXXV.

291 1861 356 1896 κκὶ
397 1858 473 1906 γὰρ
515 1861 766 1906 Ἀκράγαντκ
797 1861 861 1896 xxa*
894 1857 1036 1905 Γέλαν,
1074 1858 1201 1902 πόλεις
1230 1857 1414 1904 μεγάλοις
1447 1858 1548 1903 μετὰ

237 1948 299 1987 τὸν
340 1949 512 1987 Ἀττικὸν
543 1948 707 1995 πόλεμον
736 1949 807 1987 ὑπὸ
838 1947 1095 1996 Κκρχηδονίων
1124 1946 1361 1992 ἀναστάτους
1392 1961 1553 1994 γεγενη-

236 2039 377 2085 μένη,
409 2040 496 2078 τότε
524 2038 751 2087 κκτῴκισκν.
784 2039 977 2078 Ultimum
1009 2039 1241 2078 vocabulum
1257 2042 1316 2078 est
1331 2038 1552 2077 emendatio

238 2130 390 2169 Reiskii
432 2132 472 2169 in
513 2135 645 2170 annot.
687 2131 910 2169 scribentis:
959 2128 1195 2179 „xxrqima-av
1238 2131 1278 2180 (a
1307 2128 1549 2179 κκτοικίζειν)

237 2222 284 2261 de
321 2235 408 2261 meo
437 2222 543 2272 dedi,
573 2235 643 2274 pro
672 2221 825 2272 vulgari
853 2218 1102 2268 κκτῴκησοιν,
1134 2233 1158 2259 a
1187 2221 1414 2258 xxa-omervss’
1447 2219 1554 2258 Non-

236 2313 328 2373 dum
367 2313 462 2351 satis
510 2313 637 2364 placet
676 2310 904 2360 κκτῴκισοιν.
936 2312 1042 2351 Dicit
1071 2311 1178 2350 Plnt.
1209 2310 1327 2351 urbes
1359 2324 1382 2350 a
1411 2310 1554 2350 Poenis

235 2406 316 2444 solo
343 2409 532 2457 aequatas
561 2404 815 2443 Timoleontis
843 2407 972 2443 aetate
1001 2404 1205 2443 restitutas
1236 2415 1320 2442 esse
1350 2403 1552 2442 etinstau-

238 2500 364 2545 ratas3
433 2510 521 2535 cum
587 2500 718 2534 autem
777 2494 993 2533 ἀπίω-κτον
1052 2498 1167 2532 ποιεῖν
1224 2495 1415 2545 significet
1474 2495 1553 2532 solo
