1785 2956
877 283 923 318 12

241 414 499 465 imminentis,
529 430 646 468 quam
675 421 832 469 propter
859 418 1016 457 insitam
1046 419 1233 458 virtutem
1263 420 1418 471 egregie
1435 420 1551 458 rebus

244 507 384 546 Siculis
412 509 644 559 praefuisse3
673 522 812 561 nempe
838 523 927 548 eum
957 509 1297 561 Carthaginienses
1323 510 1425 549 bello
1440 524 1552 562 supe-

242 610 373 647 rasse,
403 597 574 636 Graecas
601 598 715 637 urbes
744 612 768 637 a
796 598 970 637 barbaris
999 611 1152 638 eversas
1170 599 1409 649 restituisse,
1428 602 1550 638 totam

245 688 417 726 Siciliam
458 702 508 726 ex
551 689 737 727 servitute
772 689 811 727 in
848 690 1069 728 libertatem
1104 690 1321 728 vindicasse
1359 702 1405 728 ac
1433 691 1551 740 vulgo

244 780 436 828 effecisse,
475 784 517 818 ut
548 780 763 831 Syracusae
791 784 1019 831 ceteraeque
1048 781 1184 830 urbes,
1214 794 1310 832 quas
1339 781 1440 819 bello
1467 794 1552 819 vas-

244 873 346 908 tatas
375 874 412 908 et
442 870 613 909 desertas
640 871 864 920 invenerat,
893 870 1014 922 ipsius
1043 883 1159 922 opera
1188 871 1390 910 hominum
1420 872 1550 909 multi-

245 962 380 1001 tudine
407 962 664 1001 abundarent.

298 1054 443 1093 Utrum
484 1054 612 1106 potius
651 1030 858 1105 sequamur
887 1057 1109 1104 auctorem,
1140 1053 1253 1093 valde
1281 1053 1442 1093 dubium
1470 1066 1552 1092 esse

243 1157 320 1182 non
373 1147 513 1195 potest.
565 1143 758 1195 Equidem
807 1143 912 1181 haud
952 1143 1065 1181 facile
1107 1143 1285 1193 credam,
1331 1143 1553 1182 Corinthios

244 1236 451 1287 tyrannide
493 1235 676 1274 liberatos
705 1248 815 1285 eum,
841 1248 864 1273 a
891 1247 967 1285 quo
995 1235 1149 1274 liberati
1178 1239 1326 1281 essent,
1357 1236 1481 1286 primo
1511 1236 1552 1273 in

243 1325 429 1364 iudicium
458 1338 636 1375 vocasse,
665 1324 802 1363 deinde
831 1325 968 1377 capitis
997 1328 1221 1363 accusatum
1251 1324 1448 1364 hominem
1479 1324 1550 1364 tali

243 1418 329 1468 lege
372 1429 460 1455 cum
501 1416 684 1455 mandato
721 1416 876 1467 publico
913 1416 963 1454 ad
1005 1428 1117 1467 opem
1145 1415 1440 1466 consanguineis
1470 1415 1549 1454 suis

241 1507 440 1546 ferendam
467 1508 627 1546 misisse.
657 1507 860 1546 Plutarchi
887 1511 1018 1545 autem
1045 1507 1217 1545 narratio
1244 1509 1327 1545 tota
1354 1506 1427 1545 sibi
1459 1519 1547 1545 con-

242 1600 342 1646 stat,
386 1600 424 1636 et
468 1597 614 1635 dictum
652 1591 877 1635 Teleclidis:
920 1594 966 1635 ἂν
996 1595 1065 1643 μὲν
1093 1596 1169 1644 γὰρ
1198 1598 1327 1641 καλῶς
1354 1595 1545 1647 ἀγωνίσῃ,

240 1689 412 1734 τιῐρκννον
454 1685 672 1737 ἀνῃρηκέναι
717 1683 869 1732 δόξομεν
906 1686 990 1737 (ubi
1027 1700 1069 1724 σε
1106 1688 1338 1739 cogitatione
1368 1689 1548 1739 supplen-

241 1778 372 1828 dum),
414 1776 460 1815 ἂν
502 1777 539 1815 δὲ
577 1780 760 1826 φαύλως,
806 1778 995 1826 ἀδελφόν,
1030 1778 1240 1817 benevolae
1267 1777 1547 1817 adhortationis

239 1869 319 1907 vim
361 1868 500 1919 habet,
539 1882 616 1908 non
654 1868 786 1907 iudicii
815 1868 861 1908 de
890 1868 1038 1907 consilii
1067 1869 1260 1907 sententia
1288 1869 1545 1921 pronunciati.

239 1961 344 1999 Fieri
386 1962 513 2012 potuit
550 1964 594 1998 ut
635 1960 749 1998 Diod.
781 1973 827 1998 ea
860 1960 980 1998 verba
1007 1960 1111 2012 apud
1139 1960 1397 2012 antiquiorem
1427 1960 1545 2011 scrip-

238 2057 361 2091 torem
403 2054 504 2091 lecta
539 2052 666 2090 minus
704 2052 941 2090 intellexerit
978 2064 1106 2102 exque
1132 2051 1179 2089 iis
1207 2054 1333 2089 totum
1361 2050 1546 2089 iudicium

238 2157 351 2183 suum
390 2143 634 2183 confinxerit.
666 2166 715 2172 --
748 2141 790 2182 Si
821 2145 1041 2195 temporum
1069 2140 1368 2194 discrepantiam
1397 2143 1545 2194 specta-

218 2248 343 2284 ¹mus,
381 2234 631 2273 recordemur
660 2234 893 2272 Corinthum
921 2236 1016 2270 tunc
1043 2245 1195 2270 summa
1223 2245 1320 2283 pace
1347 2236 1385 2270 et
1414 2233 1544 2283 quiete

234 2326 402 2364 fructam
430 2337 513 2363 esse
539 2323 663 2374 (Plut.
694 2323 789 2375 Cap,
807 2323 894 2362 III:
910 2323 946 2361 ἐν
962 2322 1084 2374 εῗρήνῃ
1100 2324 1165 2361 καὶ
1182 2327 1306 2371 σχολῇ
1322 2321 1544 2372 &tityon-effi

233 2429 311 2455 non
349 2415 410 2454 his
442 2414 681 2467 temporibus
710 2427 806 2466 opus
835 2417 940 2464 erat,
969 2417 1013 2452 ut
1041 2413 1232 2453 Corinthii
1261 2412 1544 2465 Timophanem

234 2507 410 2545 mercede
454 2506 653 2544 conductis
695 2506 883 2544 militibus
921 2509 1223 2557 praeponerent,
1261 2503 1441 2547 δεδιότες.
1488 2507 1541 2550 μὴ
