1785 2956
889 261 913 298 2

257 394 324 431 καὶ
358 395 431 431 τῶν
469 396 669 433 πολιτειῶν
694 392 769 439 τὰς
797 393 935 445 Φύσεις
960 396 1086 435 αὐτῶν
1105 400 1170 436 και·
1186 398 1259 445 τὰς
1273 399 1461 447 διαθέσεις
1476 403 1565 450 πρὸς

254 484 433 529 ἀλλήλοις
478 484 774 533 ἐπισκεψόμεθα
802 500 837 525 κ.
866 501 901 526 τ.
931 495 969 526 λ.
1001 492 1040 527 et
1067 489 1108 528 in
1134 490 1212 530 fine
1239 470 1411 532 eiusdem
1440 493 1559 545 Cap:

248 574 413 615 Λεκτέον
441 575 478 615 δὲ
508 570 592 626 περὶ
622 581 687 617 τοῦ
713 576 964 627 πρεσβυτέρου
979 578 1163 630 πρότερον.
1177 561 1226 622 In
1241 582 1367 624 Dione
1383 583 1478 637 Cap.
1494 582 1558 624 II:

246 664 285 703 ἐν
312 664 437 716 τούτῳ
467 665 527 717 δέ,
557 666 763 718 δωδεκάτῳ,
781 671 853 706 τῶν
884 670 1141 717 παραλλήλων
1169 670 1243 709 ὄντι
1272 672 1385 723 βίων,
1413 673 1476 711 τὸν
1495 676 1559 711 τοῦ

246 756 501 804 πρεσβυτέρου
540 757 894 806 προεισαγάγωμεν.
925 761 973 799 In
1004 760 1148 801 Pericle
1177 761 1272 814 Cap.
1302 762 1366 802 II:
1394 768 1501 802 τοῦτο
1515 764 1558 803 τὸ

247 843 404 893 βιβλίον
448 844 602 887 δέκατον
633 846 929 898 συντετάχαμεν
957 849 1019 889 τὸν
1048 849 1266 899 Περικλέους
1293 850 1375 898 βιόν
1403 854 1467 890 καὶ
1496 852 1558 891 τὸν

248 935 395 981 Φαβίου
429 936 614 983 Μαξίμου
632 943 696 976 τοῦ
710 938 1060 985 διαπολεμήσαντος
1076 941 1164 988 πρὸς
1177 941 1357 987 Ἀννίβαν
1373 943 1557 990 περιέχον.

791 1119 822 1158 O
834 1119 872 1158 A
884 1119 929 1158 P.
969 1120 1000 1159 I.

300 1301 383 1338 ἐπεὶ
425 1299 523 1338 Δίων
565 1299 634 1346 μὲν
678 1298 866 1346 ἐξελάσας
908 1300 1096 1339 Διονύσιον
1136 1301 1198 1339 τὸν
1238 1300 1411 1350 τύραννον
1440 1301 1555 1348 εὐθὺς

243 1389 409 1442 ἀνῃρέθη
437 1390 536 1441 δόλῳ
564 1390 643 1429 κτὲ.
673 1382 873 1435 Quomodo
904 1391 998 1442 Dio,
1027 1391 1212 1430 liberator
1244 1393 1394 1443 patriae
1422 1397 1555 1445 tyran-

242 1481 364 1534 nique
406 1482 612 1534 expulsor,
654 1486 697 1520 ut
739 1486 901 1521 vocatur
927 1495 990 1534 ap.
1022 1482 1216 1534 Nepotem
1244 1483 1284 1521 in
1312 1483 1389 1522 fine
1415 1483 1555 1535 Vitae,

241 1586 266 1613 a
303 1572 459 1625 periuro
489 1571 668 1624 Callippo
697 1571 931 1611 Atheniensi
963 1572 1013 1611 sit
1042 1572 1210 1623 occisus,
1241 1573 1505 1625 cognoscimus
1534 1587 1556 1614 e

243 1663 450 1702 Plutarchi
492 1663 620 1701 Dione
649 1662 744 1713 Cap.
773 1663 907 1700 LVII.
937 1663 1060 1700 Facta
1088 1666 1147 1700 est
1178 1662 1313 1701 caedes
1343 1663 1404 1701 Ol.
1437 1663 1554 1713 CVI,

242 1766 345 1792 anno
369 1755 415 1803 3,
441 1766 476 1792 a.
503 1753 547 1791 O.
576 1755 675 1802 354,
697 1757 742 1791 ut
765 1754 944 1791 novimus
972 1767 993 1792 e
1021 1753 1192 1792 Diodoro
1220 1753 1350 1792 Siculo
1373 1753 1553 1803 LXVI,

247 1843 343 1895 Cap.
375 1845 438 1882 31.
469 1841 579 1888 Quae
608 1846 741 1881 secuta
769 1843 846 1880 sint
874 1846 961 1893 post
987 1855 1121 1885 necem
1145 1842 1555 1893 Dionis,Plutarchus

244 1936 382 1973 narrat
427 1933 566 1996 Dionis
609 1933 737 1985 capite
778 1933 928 1971 ultimo.
972 1932 1105 1971 Primo
1150 1932 1353 1985 Syracusis
1390 1946 1554 1985 regnum

247 2023 417 2063 obtinuit
461 2023 664 2075 Callippus
707 2022 846 2062 Dionis
874 2035 1095 2075 percussor,
1126 2023 1193 2075 qui
1219 2023 1324 2062 haud
1349 2013 1408 2063 ita'
1432 2025 1555 2063 multo

243 2120 330 2169 post
373 2116 422 2155 ad
468 2116 660 2155 Catanam
689 2114 991 2167 expugnandam
1020 2114 1214 2166 profectus
1242 2114 1454 2167 Syracusas
1482 2116 1555 2154 sibi

239 2208 340 2260 eripi
385 2221 523 2259 passus
565 2210 645 2257 est3
689 2220 766 2258 qua
807 2206 1006 2245 occasione
1046 2218 1114 2257 per
1150 2206 1277 2245 iocum
1305 2206 1360 2245 ait
1388 2219 1428 2245 se
1457 2206 1554 2246 urbe
1590 2223 1593 2226 ·

241 2300 385 2339 amissa
440 2298 619 2337 radulam
668 2298 870 2349 recepisse.
912 2298 1022 2337 Idem
1063 2298 1103 2336 in
1146 2297 1366 2336 Messanam
1409 2297 1554 2337 frustra

234 2391 390 2445 'impetu
434 2389 560 2439 facto,
593 2359 667 2426 toti
698 2387 855 2426 Siciliae
882 2387 1031 2425 invisus
1058 2391 1098 2425 et
1125 2387 1299 2436 odiosus,
1327 2387 1368 2425 in
1396 2386 1553 2428 Italiam

238 2481 395 2524 traiecit
426 2483 465 2519 et
498 2479 698 2530 Rhegium
727 2479 953 2531 occupavit,
979 2478 1046 2517 ubi
1075 2478 1192 2530 paulo
1221 2481 1307 2530 post
1335 2491 1358 2517 a
1387 2477 1553 2531 Leptine
