1785 2956
872 270 893 307 7

231 407 363 459 Nepos
402 408 477 447 1.l.:
524 408 634 457 „Hac
674 411 804 448 mente
843 420 911 461 per
939 391 1183 459 haruspicem
1210 416 1530 455 communemque

231 499 406 549 affinem,
436 499 498 538 cui
526 511 632 538 soror
658 511 709 537 ex
736 498 880 538 eisdem
908 497 1135 551 parentibus
1162 499 1256 536 nata
1281 498 1406 547 nupta
1421 496 1530 542 erat,

232 589 390 628 fratrem
420 592 632 641 tyrannum
658 588 968 628 interficiendum
995 587 1185 627 curavit.”

284 678 460 717 Eandem
488 691 590 728 rem,
617 678 684 717 sed
711 678 817 717 haud
841 678 923 717 sine
938 677 1106 729 quadam
1121 676 1403 728 discrepantia,
1419 673 1531 713 nobis

231 767 532 819 exponitDiod.
561 767 656 819 Cap.
687 769 757 817 65,
788 769 812 805 2
841 780 911 806 ss.:
944 765 1028 805 ἴδιον
1056 765 1094 804 δέ
1122 779 1158 803 τι
1187 764 1325 811 συνέβη
1356 761 1437 811 περὶ
1466 762 1529 801 τὸν

230 855 345 905 ἄνδρα
386 861 617 903 συμπεσεῖν,
661 852 677 895 ὃ
714 855 946 903 συνελάβετο
976 856 1082 911 αὐτῷ
1110 857 1199 904 πρὸς
1225 859 1294 904 τὴν
1320 859 1388 904 ⁵173,=
1417 868 1532 903 στρω-

230 944 367 993 τηγίοις
410 942 559 994 αἵρεσιν.
602 945 641 985 N
642 959 692 985 on
719 949 993 986 commemorat
1022 945 1215 986 Diodorus
1245 945 1530 998 Timophanem

232 1037 363 1075 fratris
404 1050 476 1088 ope
517 1038 767 1076 exsshostium
793 1038 974 1075 manibus
1001 1041 1202 1088 ereptum,
1232 1036 1299 1075 sed
1326 1037 1423 1075 haec
1451 1036 1532 1074 ait:

232 1126 520 1179 Timophanes,
562 1127 699 1179 opibus
742 1131 781 1167 et
809 1127 938 1167 animo
964 1127 1066 1167 inter
1097 1126 1318 1166 Corinthios
1345 1125 1532 1178 insignis,

232 1217 311 1256 iam
337 1216 482 1255 dudum
510 1217 713 1256 manifesto
739 1229 904 1268 regnum
930 1216 1161 1269 appetebat,
1185 1220 1269 1254 tum
1284 1228 1396 1266 vero,
1413 1215 1532 1254 armis

234 1308 488 1358 comparatis,
525 1308 658 1358 egenis
685 1311 723 1345 et
751 1307 912 1357 perditis
939 1306 1158 1345 hominibus
1187 1307 1353 1358 stipatus
1381 1307 1421 1344 in
1451 1307 1534 1345 foro

234 1397 483 1448 versabatur,
510 1396 550 1436 οὐ
579 1395 885 1445 προσποιούμενος
912 1399 966 1436 ὅτι
995 1394 1171 1445 τύραννός
1199 1396 1302 1441 ἐστι,
1332 1395 1384 1435 τὰ
1412 1395 1450 1435 δὲ
1465 1399 1533 1444 τῆ,-

232 1485 441 1536 τυροιννίδος
467 1485 560 1535 ἔργα
586 1486 916 1535 διαπραττόμενος.
945 1486 961 1525 ὁ
991 1486 1028 1525 δὲ
1055 1485 1249 1533 Τιμολέων
1276 1484 1532 1534 ἀλλοτριώτα-

233 1593 294 1622 ro,-
324 1578 369 1616 ὢν
396 1577 606 1625 μοναρχίας
633 1577 674 1616 τὸ
703 1577 772 1623 μὲν
797 1565 941 1625 πρῶτον
971 1578 1156 1625 ἐπεχείρει
1181 1577 1328 1617 πείθειν
1346 1578 1408 1617 τὸν
1423 1578 1534 1616 ἀδελ-

233 1669 305 1718 <phu
345 1668 555 1713 ἀποστῆναι
597 1671 664 1716 τῆς
706 1667 910 1717 ἐπιβολῆς,
929 1709 934 1719 3
955 1668 1001 1712 ὥς
1044 1667 1076 1707 δ’
1105 1667 1179 1717 οὐχ
1208 1667 1413 1713 ὑπήκουεν,
1444 1667 1535 1707 ἀλλ’

233 1756 292 1797 ἀεὶ
323 1760 387 1796 xxi
415 1759 565 1804 μᾶλλον
592 1757 799 1797 ἐπετείνετο
821 1740 874 1808 ιτῇ
903 1760 1053 1810 τόλμῃ,
1081 1758 1271 1797 ἀδυνατῶν
1298 1758 1412 1798 αὐτὸν
1433 1757 1533 1807 λόγῳ

231 1847 507 1896 διορθώσασθαι
560 1852 840 1895 περιπατοῦντα
881 1851 982 1887 κατὰ
1021 1849 1087 1893 τὴν
1128 1849 1272 1897 ἀγορὰν
1309 1848 1532 1898 ἀπέσφαξε.

235 1939 387 1979 Sieulus
414 1937 577 1990 scriptor
603 1937 723 1990 igitur
750 1939 878 1978 nullos
893 1938 1021 1978 caedis
1039 1938 1212 1978 conscios
1226 1938 1402 1979 nominat
1415 1942 1535 1992 atque

232 2030 360 2083 ipsum
406 2029 687 2069 Timoleontem
728 2042 799 2068 sua
839 2042 959 2068 manu
997 2029 1145 2068 facinus
1172 2032 1417 2081 perpetrasse
1443 2042 1532 2069 con-

233 2121 369 2160 tendit.
412 2121 489 2160 Sed
515 2121 610 2160 haec
637 2121 857 2160 refutantur
884 2133 961 2159 non
989 2120 1114 2159 solum
1141 2120 1366 2172 Plutarchi,
1395 2115 1546 2161 verum¹

233 2212 350 2250 etiam
392 2210 555 2263 Nepotis
595 2211 737 2249 diserto
778 2210 1019 2261 testimonio,
1062 2211 1130 2262 qui
1172 2211 1226 2250 1.l.
1267 2211 1363 2251 haec
1404 2211 1533 2251 addit:

239 2301 352 2353 „Ipso
369 2302 456 2340 'non
483 2300 597 2340 modo
625 2313 763 2340 manus
778 2313 855 2339 non
870 2301 1024 2351 attulit,
1042 2300 1109 2340 sed
1122 2313 1172 2341 ne
1187 2301 1360 2354 aspicere
1375 2301 1535 2354 quidem

233 2392 448 2430 fraternum
489 2391 717 2443 sanguinem
752 2391 888 2430 voluit.
918 2390 1022 2430 Nam
1035 2412 1038 2414 -
1051 2390 1143 2430 dum
1170 2403 1231 2431 res
1259 2391 1534 2444 conficeretur,

227 2472 368 2534 'procul
396 2482 437 2520 in
467 2482 658 2535 praesidio
687 2482 760 2527 fuit
773 2512 782 2532 ,
797 2495 848 2522 ne·
862 2483 948 2535 quis
963 2483 1117 2523 satelles
1132 2487 1260 2536 posset
1275 2484 1538 2524 succurrere.”
