<?xml version="1.0" encoding="UTF-8"?>
<!DOCTYPE html PUBLIC "-//W3C//DTD XHTML 1.0 Transitional//EN"
    "http://www.w3.org/TR/xhtml1/DTD/xhtml1-transitional.dtd">
<html xmlns="http://www.w3.org/1999/xhtml" xml:lang="en" lang="en">
 <head>
  <title>
</title>
<meta http-equiv="Content-Type" content="text/html;charset=utf-8" />
  <meta name='ocr-system' content='tesseract 3.04.00' />
  <meta name='ocr-capabilities' content='ocr_page ocr_carea ocr_par ocr_line ocrx_word'/>
</head>
<body>
  <div class='ocr_page' id='page_1' title='image "4738089_0042.png"; bbox 0 0 1785 2956; ppageno 0'>
   <div class='ocr_carea' id='block_1_1' title="bbox 845 268 893 305">
    <p class='ocr_par' dir='ltr' id='par_1_1' title="bbox 845 268 893 305">
     <span class='ocr_line' id='line_1_1' title="bbox 845 268 893 305; baseline 0 0"><span class='ocrx_word' id='word_1_1' title='bbox 845 268 893 305; x_wconf 81' lang='lat'>27</span> 
     </span>
    </p>
   </div>
   <div class='ocr_carea' id='block_1_2' title="bbox 204 403 1519 2437">
    <p class='ocr_par' dir='ltr' id='par_1_2' title="bbox 211 403 1519 1089">
     <span class='ocr_line' id='line_1_2' title="bbox 217 403 1519 459; baseline -0.004 -12"><span class='ocrx_word' id='word_1_2' title='bbox 217 408 354 447; x_wconf 89' lang='lat' dir='ltr'>Dionis</span> <span class='ocrx_word' id='word_1_3' title='bbox 393 419 509 459; x_wconf 88' lang='lat' dir='ltr'>super</span> <span class='ocrx_word' id='word_1_4' title='bbox 548 406 621 445; x_wconf 91' lang='lat' dir='ltr'>hac</span> <span class='ocrx_word' id='word_1_5' title='bbox 664 418 706 444; x_wconf 90' lang='lat' dir='ltr'>re</span> <span class='ocrx_word' id='word_1_6' title='bbox 747 405 963 457; x_wconf 81' lang='lat' dir='ltr'>scripserit,</span> <span class='ocrx_word' id='word_1_7' title='bbox 1005 408 1072 443; x_wconf 88' lang='lat' dir='ltr'>aut</span> <span class='ocrx_word' id='word_1_8' title='bbox 1117 416 1235 443; x_wconf 91' lang='lat' dir='ltr'>unam</span> <span class='ocrx_word' id='word_1_9' title='bbox 1276 416 1364 443; x_wconf 92' lang='lat' dir='ltr'>cum</span> <span class='ocrx_word' id='word_1_10' title='bbox 1394 403 1519 443; x_wconf 78' lang='lat' dir='ltr'>altera</span> 
     </span>
     <span class='ocr_line' id='line_1_3' title="bbox 215 495 1518 549; baseline -0.002 -13"><span class='ocrx_word' id='word_1_11' title='bbox 215 510 379 549; x_wconf 88' lang='lat' dir='ltr'>persona</span> <span class='ocrx_word' id='word_1_12' title='bbox 419 496 645 535; x_wconf 87' lang='lat' dir='ltr'>confuderit.</span> <span class='ocrx_word' id='word_1_13' title='bbox 689 495 792 534; x_wconf 86' lang='lat' dir='ltr'>Nam</span> <span class='ocrx_word' id='word_1_14' title='bbox 820 496 923 534; x_wconf 86' lang='lat' dir='ltr'>inter</span> <span class='ocrx_word' id='word_1_15' title='bbox 952 499 1139 547; x_wconf 84' lang='lat' dir='ltr'>perpetua</span> <span class='ocrx_word' id='word_1_16' title='bbox 1167 495 1271 534; x_wconf 89' lang='lat' dir='ltr'>bella</span> <span class='ocrx_word' id='word_1_17' title='bbox 1302 496 1518 546; x_wconf 82' lang='lat' dir='ltr'>complures</span> 
     </span>
     <span class='ocr_line' id='line_1_4' title="bbox 215 586 1515 638; baseline -0.002 -12"><span class='ocrx_word' id='word_1_18' title='bbox 215 588 380 626; x_wconf 82' lang='lat' dir='ltr'>feminae</span> <span class='ocrx_word' id='word_1_19' title='bbox 416 587 609 638; x_wconf 83' lang='lat' dir='ltr'>principes</span> <span class='ocrx_word' id='word_1_20' title='bbox 638 586 783 625; x_wconf 89' lang='lat' dir='ltr'>crudeli</span> <span class='ocrx_word' id='word_1_21' title='bbox 810 589 928 637; x_wconf 86' lang='lat' dir='ltr'>atque</span> <span class='ocrx_word' id='word_1_22' title='bbox 955 586 1146 624; x_wconf 89' lang='lat' dir='ltr'>horrenda</span> <span class='ocrx_word' id='word_1_23' title='bbox 1172 599 1265 625; x_wconf 86' lang='lat' dir='ltr'>nece</span> <span class='ocrx_word' id='word_1_24' title='bbox 1293 586 1515 637; x_wconf 84' lang='lat' dir='ltr'>perierunt3</span> 
     </span>
     <span class='ocr_line' id='line_1_5' title="bbox 214 676 1514 729; baseline -0.002 -13"><span class='ocrx_word' id='word_1_25' title='bbox 214 677 294 716; x_wconf 89' lang='lat' dir='ltr'>fere</span> <span class='ocrx_word' id='word_1_26' title='bbox 334 676 457 727; x_wconf 87' lang='lat' dir='ltr'>idem,</span> <span class='ocrx_word' id='word_1_27' title='bbox 501 676 603 729; x_wconf 88' lang='lat' dir='ltr'>quod</span> <span class='ocrx_word' id='word_1_28' title='bbox 630 680 763 715; x_wconf 88' lang='lat' dir='ltr'>nostro</span> <span class='ocrx_word' id='word_1_29' title='bbox 790 677 873 715; x_wconf 94' lang='lat' dir='ltr'>loco</span> <span class='ocrx_word' id='word_1_30' title='bbox 900 676 947 715; x_wconf 90' lang='lat' dir='ltr'>de</span> <span class='ocrx_word' id='word_1_31' title='bbox 977 676 1155 728; x_wconf 83' lang='lat' dir='ltr'>Dionysii</span> <span class='ocrx_word' id='word_1_32' title='bbox 1182 676 1340 715; x_wconf 88' lang='lat' dir='ltr'>minoris</span> <span class='ocrx_word' id='word_1_33' title='bbox 1371 688 1514 726; x_wconf 82' lang='lat' dir='ltr'>uxore,</span> 
     </span>
     <span class='ocr_line' id='line_1_6' title="bbox 213 766 1515 818; baseline -0.002 -12"><span class='ocrx_word' id='word_1_34' title='bbox 213 767 306 807; x_wconf 85' lang='lat' dir='ltr'>alibi</span> <span class='ocrx_word' id='word_1_35' title='bbox 334 767 571 806; x_wconf 81' lang='lat' dir='ltr'>Plutarchus</span> <span class='ocrx_word' id='word_1_36' title='bbox 598 770 731 805; x_wconf 88' lang='lat' dir='ltr'>narrat</span> <span class='ocrx_word' id='word_1_37' title='bbox 760 767 807 805; x_wconf 89' lang='lat' dir='ltr'>de</span> <span class='ocrx_word' id='word_1_38' title='bbox 835 767 961 818; x_wconf 88' lang='lat' dir='ltr'>prima</span> <span class='ocrx_word' id='word_1_39' title='bbox 990 779 1112 805; x_wconf 80' lang='lat' dir='ltr'>uxore</span> <span class='ocrx_word' id='word_1_40' title='bbox 1141 767 1298 806; x_wconf 88' lang='lat' dir='ltr'>maioris</span> <span class='ocrx_word' id='word_1_41' title='bbox 1313 766 1515 817; x_wconf 89' lang='lat' dir='ltr'>Dionysii,</span> 
     </span>
     <span class='ocr_line' id='line_1_7' title="bbox 213 856 1515 910; baseline -0.001 -14"><span class='ocrx_word' id='word_1_42' title='bbox 213 857 479 897; x_wconf 87' lang='lat' dir='ltr'>Hermocratis</span> <span class='ocrx_word' id='word_1_43' title='bbox 521 856 777 910; x_wconf 88' lang='lat' dir='ltr'>Syracusani-</span> <span class='ocrx_word' id='word_1_44' title='bbox 797 857 900 907; x_wconf 88' lang='lat' dir='ltr'>filia,</span> <span class='ocrx_word' id='word_1_45' title='bbox 942 870 1042 909; x_wconf 85' lang='lat' dir='ltr'>quae</span> <span class='ocrx_word' id='word_1_46' title='bbox 1083 870 1107 896; x_wconf 91' lang='lat' dir='ltr'>a</span> <span class='ocrx_word' id='word_1_47' title='bbox 1146 856 1420 909; x_wconf 80' lang='lat' dir='ltr'>Syracusanis,</span> <span class='ocrx_word' id='word_1_48' title='bbox 1448 856 1515 908; x_wconf 88' lang='lat' dir='ltr'>qui</span> 
     </span>
     <span class='ocr_line' id='line_1_8' title="bbox 213 946 1516 999; baseline -0.002 -14"><span class='ocrx_word' id='word_1_49' title='bbox 213 961 236 986; x_wconf 88' lang='lat' dir='ltr'>a</span> <span class='ocrx_word' id='word_1_50' title='bbox 277 951 445 999; x_wconf 82' lang='lat' dir='ltr'>tyranno</span> <span class='ocrx_word' id='word_1_51' title='bbox 478 946 722 997; x_wconf 83' lang='lat' dir='ltr'>defecerant,</span> <span class='ocrx_word' id='word_1_52' title='bbox 751 948 909 986; x_wconf 90' lang='lat' dir='ltr'>ultimas</span> <span class='ocrx_word' id='word_1_53' title='bbox 939 947 1192 986; x_wconf 86' lang='lat' dir='ltr'>contumelias</span> <span class='ocrx_word' id='word_1_54' title='bbox 1220 958 1403 998; x_wconf 74' lang='lat' dir='ltr'>perpessa</span> <span class='ocrx_word' id='word_1_55' title='bbox 1431 946 1516 997; x_wconf 91' lang='lat' dir='ltr'>ipsa</span> 
     </span>
     <span class='ocr_line' id='line_1_9' title="bbox 211 1037 1201 1089; baseline 0 -13"><span class='ocrx_word' id='word_1_56' title='bbox 211 1041 375 1076; x_wconf 83' lang='lat' dir='ltr'>mortem</span> <span class='ocrx_word' id='word_1_57' title='bbox 403 1037 476 1076; x_wconf 88' lang='lat' dir='ltr'>sibi</span> <span class='ocrx_word' id='word_1_58' title='bbox 505 1038 689 1076; x_wconf 87' lang='lat' dir='ltr'>conscivit</span> <span class='ocrx_word' id='word_1_59' title='bbox 717 1037 840 1087; x_wconf 87' lang='lat' dir='ltr'>(Plut.</span> <span class='ocrx_word' id='word_1_60' title='bbox 872 1038 948 1077; x_wconf 93' lang='lat' dir='ltr'>Dio</span> <span class='ocrx_word' id='word_1_61' title='bbox 977 1038 1072 1089; x_wconf 82' lang='lat' dir='ltr'>Gap.</span> <span class='ocrx_word' id='word_1_62' title='bbox 1104 1038 1201 1088; x_wconf 88' lang='lat' dir='ltr'>III).</span> 
     </span>
    </p>

    <p class='ocr_par' dir='ltr' id='par_1_3' title="bbox 204 1124 1514 2437">
     <span class='ocr_line' id='line_1_10' title="bbox 266 1124 1514 1178; baseline -0.002 -11"><span class='ocrx_word' id='word_1_63' title='bbox 266 1128 342 1167; x_wconf 90' lang='lat' dir='ltr'>Sed</span> <span class='ocrx_word' id='word_1_64' title='bbox 384 1128 559 1178; x_wconf 86' lang='lat' dir='ltr'>aliunde,</span> <span class='ocrx_word' id='word_1_65' title='bbox 601 1124 688 1167; x_wconf 61' lang='lat' dir='ltr'>etsi&#39;</span> <span class='ocrx_word' id='word_1_66' title='bbox 718 1141 795 1167; x_wconf 90' lang='lat' dir='ltr'>non</span> <span class='ocrx_word' id='word_1_67' title='bbox 837 1141 888 1167; x_wconf 83' lang='lat' dir='ltr'>ex</span> <span class='ocrx_word' id='word_1_68' title='bbox 929 1129 1012 1167; x_wconf 83' lang='lat' dir='ltr'>vita</span> <span class='ocrx_word' id='word_1_69' title='bbox 1053 1128 1213 1177; x_wconf 90' lang='lat' dir='ltr'>Dionis,</span> <span class='ocrx_word' id='word_1_70' title='bbox 1251 1128 1299 1166; x_wconf 92' lang='lat' dir='ltr'>de</span> <span class='ocrx_word' id='word_1_71' title='bbox 1326 1140 1448 1166; x_wconf 82' lang='lat' dir='ltr'>uxore</span> <span class='ocrx_word' id='word_1_72' title='bbox 1475 1131 1514 1165; x_wconf 91' lang='lat' dir='ltr'>et</span> 
     </span>
     <span class='ocr_line' id='line_1_11' title="bbox 209 1217 1512 1269; baseline -0.002 -14"><span class='ocrx_word' id='word_1_73' title='bbox 209 1218 340 1256; x_wconf 84' lang='lat' dir='ltr'>liberis</span> <span class='ocrx_word' id='word_1_74' title='bbox 367 1218 545 1269; x_wconf 86' lang='lat' dir='ltr'>Dionysii</span> <span class='ocrx_word' id='word_1_75' title='bbox 574 1221 737 1256; x_wconf 85' lang='lat' dir='ltr'>constat.</span> <span class='ocrx_word' id='word_1_76' title='bbox 771 1218 862 1269; x_wconf 89' lang='lat' dir='ltr'>Ipse</span> <span class='ocrx_word' id='word_1_77' title='bbox 892 1217 1127 1256; x_wconf 80' lang='lat' dir='ltr'>Plutarchus</span> <span class='ocrx_word' id='word_1_78' title='bbox 1158 1217 1272 1268; x_wconf 90' lang='lat' dir='ltr'>Reip.</span> <span class='ocrx_word' id='word_1_79' title='bbox 1289 1230 1368 1268; x_wconf 86' lang='lat' dir='ltr'>ger.</span> <span class='ocrx_word' id='word_1_80' title='bbox 1385 1229 1512 1267; x_wconf 90' lang='lat' dir='ltr'>praec.</span> 
     </span>
     <span class='ocr_line' id='line_1_12' title="bbox 206 1305 1511 1357; baseline -0.002 -13"><span class='ocrx_word' id='word_1_81' title='bbox 206 1320 295 1357; x_wconf 86' lang='lat' dir='ltr'>pag.</span> <span class='ocrx_word' id='word_1_82' title='bbox 325 1308 397 1344; x_wconf 80' lang='lat'>821</span> <span class='ocrx_word' id='word_1_83' title='bbox 430 1306 487 1344; x_wconf 91' lang='lat' dir='ltr'>D:</span> <span class='ocrx_word' id='word_1_84' title='bbox 519 1305 610 1350; x_wconf 64' lang='grc' dir='ltr'>τοὺςΔ</span> <span class='ocrx_word' id='word_1_85' title='bbox 630 1306 698 1352; x_wconf 81' lang='grc' dir='ltr'>μὲν</span> <span class='ocrx_word' id='word_1_86' title='bbox 727 1306 803 1354; x_wconf 70' lang='grc' dir='ltr'>γὰρ</span> <span class='ocrx_word' id='word_1_87' title='bbox 820 1308 1008 1344; x_wconf 70' lang='grc' dir='ltr'><em>Διονυσίου</em></span> <span class='ocrx_word' id='word_1_88' title='bbox 1025 1305 1167 1349; x_wconf 68' lang='grc' dir='ltr'>ποιῖδοις</span> <span class='ocrx_word' id='word_1_89' title='bbox 1183 1307 1248 1342; x_wconf 71' lang='grc' dir='ltr'>καὶ</span> <span class='ocrx_word' id='word_1_90' title='bbox 1264 1305 1330 1348; x_wconf 67' lang='grc' dir='ltr'>τὴν</span> <span class='ocrx_word' id='word_1_91' title='bbox 1345 1307 1511 1350; x_wconf 73' lang='grc' dir='ltr'>γυναῖκκ</span> 
     </span>
     <span class='ocr_line' id='line_1_13' title="bbox 212 1395 1514 1444; baseline 0.002 -11"><span class='ocrx_word' id='word_1_92' title='bbox 212 1395 585 1443; x_wconf 60' lang='grc' dir='ltr'>κκτοιπορνεύσοιντες</span> <span class='ocrx_word' id='word_1_93' title='bbox 624 1397 658 1435; x_wconf 78' lang='grc' dir='ltr'>οἶ</span> <span class='ocrx_word' id='word_1_94' title='bbox 685 1399 766 1444; x_wconf 77' lang='grc' dir='ltr'><em>περὶ</em></span> <span class='ocrx_word' id='word_1_95' title='bbox 796 1399 864 1444; x_wconf 86' lang='grc' dir='ltr'>τὴν</span> <span class='ocrx_word' id='word_1_96' title='bbox 893 1397 1063 1435; x_wconf 72' lang='grc' dir='ltr'>Ἰταλίαν</span> <span class='ocrx_word' id='word_1_97' title='bbox 1091 1397 1250 1441; x_wconf 73' lang='grc' dir='ltr'><em>ἀνεῖλον,</em></span> <span class='ocrx_word' id='word_1_98' title='bbox 1281 1399 1362 1436; x_wconf 76' lang='grc' dir='ltr'><em>εἶτα</em></span> <span class='ocrx_word' id='word_1_99' title='bbox 1392 1412 1514 1435; x_wconf 67' lang='grc' dir='ltr'>καιτοι-</span> 
     </span>
     <span class='ocr_line' id='line_1_14' title="bbox 212 1484 1513 1536; baseline 0.002 -13"><span class='ocrx_word' id='word_1_100' title='bbox 212 1484 424 1532; x_wconf 59' lang='lat' dir='ltr'>namnum,-</span> <span class='ocrx_word' id='word_1_101' title='bbox 466 1485 517 1524; x_wconf 76' lang='grc' dir='ltr'>τοὶ</span> <span class='ocrx_word' id='word_1_102' title='bbox 560 1485 723 1533; x_wconf 66' lang='grc' dir='ltr'><em>σώμκτκ</em></span> <span class='ocrx_word' id='word_1_103' title='bbox 766 1489 833 1536; x_wconf 84' lang='grc' dir='ltr'>τὴν</span> <span class='ocrx_word' id='word_1_104' title='bbox 866 1487 1008 1536; x_wconf 76' lang='grc' dir='ltr'>τέφραν</span> <span class='ocrx_word' id='word_1_105' title='bbox 1037 1487 1285 1535; x_wconf 66' lang='grc' dir='ltr'>κατέσπειραν</span> <span class='ocrx_word' id='word_1_106' title='bbox 1314 1487 1356 1525; x_wconf 80' lang='grc' dir='ltr'>ἐκ</span> <span class='ocrx_word' id='word_1_107' title='bbox 1384 1487 1513 1526; x_wconf 80' lang='grc' dir='ltr'><em>πλοίου</em></span> 
     </span>
     <span class='ocr_line' id='line_1_15' title="bbox 211 1575 1512 1630; baseline 0.002 -17"><span class='ocrx_word' id='word_1_108' title='bbox 211 1576 313 1613; x_wconf 68' lang='grc' dir='ltr'><em>κατὰ</em></span> <span class='ocrx_word' id='word_1_109' title='bbox 354 1580 422 1624; x_wconf 83' lang='grc' dir='ltr'><em>τῆ,-</em></span> <span class='ocrx_word' id='word_1_110' title='bbox 462 1575 679 1621; x_wconf 52' lang='lat' dir='ltr'>Soanda-Tm.</span> <span class='ocrx_word' id='word_1_111' title='bbox 725 1578 884 1616; x_wconf 88' lang='lat' dir='ltr'>Plenius</span> <span class='ocrx_word' id='word_1_112' title='bbox 911 1591 994 1616; x_wconf 87' lang='lat' dir='ltr'>rem</span> <span class='ocrx_word' id='word_1_113' title='bbox 1022 1579 1183 1630; x_wconf 79' lang='lat' dir='ltr'>exponit</span> <span class='ocrx_word' id='word_1_114' title='bbox 1209 1578 1437 1616; x_wconf 85' lang='lat' dir='ltr'>Athenaeus</span> <span class='ocrx_word' id='word_1_115' title='bbox 1467 1578 1512 1616; x_wconf 92' lang='lat' dir='ltr'>L.</span> 
     </span>
     <span class='ocr_line' id='line_1_16' title="bbox 211 1666 1514 1718; baseline 0.002 -14"><span class='ocrx_word' id='word_1_116' title='bbox 211 1666 318 1716; x_wconf 92' lang='lat' dir='ltr'>XII,</span> <span class='ocrx_word' id='word_1_117' title='bbox 361 1680 448 1718; x_wconf 86' lang='lat' dir='ltr'>pag.</span> <span class='ocrx_word' id='word_1_118' title='bbox 488 1669 561 1706; x_wconf 88' lang='lat'>541</span> <span class='ocrx_word' id='word_1_119' title='bbox 595 1667 650 1718; x_wconf 84' lang='lat' dir='ltr'>O,</span> <span class='ocrx_word' id='word_1_120' title='bbox 679 1667 857 1707; x_wconf 85' lang='lat' dir='ltr'>Clearchi</span> <span class='ocrx_word' id='word_1_121' title='bbox 886 1668 1055 1707; x_wconf 87' lang='lat' dir='ltr'>Solensis</span> <span class='ocrx_word' id='word_1_122' title='bbox 1083 1668 1185 1712; x_wconf 83' lang='grc' dir='ltr'><em>Βίου,·</em></span> <span class='ocrx_word' id='word_1_123' title='bbox 1214 1672 1381 1707; x_wconf 88' lang='lat' dir='ltr'>secutus.</span> <span class='ocrx_word' id='word_1_124' title='bbox 1408 1668 1514 1707; x_wconf 87' lang='lat' dir='ltr'>Nota</span> 
     </span>
     <span class='ocr_line' id='line_1_17' title="bbox 210 1755 1513 1810; baseline 0.002 -17"><span class='ocrx_word' id='word_1_125' title='bbox 210 1767 271 1794; x_wconf 89' lang='lat' dir='ltr'>res</span> <span class='ocrx_word' id='word_1_126' title='bbox 313 1759 397 1806; x_wconf 87' lang='lat' dir='ltr'>est,</span> <span class='ocrx_word' id='word_1_127' title='bbox 442 1755 673 1809; x_wconf 90' lang='lat' dir='ltr'>Dionysium</span> <span class='ocrx_word' id='word_1_128' title='bbox 716 1757 903 1797; x_wconf 91' lang='lat' dir='ltr'>minorem</span> <span class='ocrx_word' id='word_1_129' title='bbox 931 1770 955 1796; x_wconf 88' lang='lat' dir='ltr'>a</span> <span class='ocrx_word' id='word_1_130' title='bbox 983 1757 1108 1797; x_wconf 87' lang='lat' dir='ltr'>Dione</span> <span class='ocrx_word' id='word_1_131' title='bbox 1135 1758 1342 1810; x_wconf 82' lang='lat' dir='ltr'>expulsum</span> <span class='ocrx_word' id='word_1_132' title='bbox 1369 1757 1513 1797; x_wconf 89' lang='lat' dir='ltr'>Locros</span> 
     </span>
     <span class='ocr_line' id='line_1_18' title="bbox 209 1845 1512 1898; baseline 0.002 -15"><span class='ocrx_word' id='word_1_133' title='bbox 209 1845 490 1898; x_wconf 82' lang='lat' dir='ltr'>Epizephyrios</span> <span class='ocrx_word' id='word_1_134' title='bbox 520 1859 561 1885; x_wconf 89' lang='lat' dir='ltr'>se</span> <span class='ocrx_word' id='word_1_135' title='bbox 590 1848 817 1897; x_wconf 88' lang='lat' dir='ltr'>contulisse,</span> <span class='ocrx_word' id='word_1_136' title='bbox 845 1847 948 1886; x_wconf 91' lang='lat' dir='ltr'>unde</span> <span class='ocrx_word' id='word_1_137' title='bbox 974 1851 1098 1886; x_wconf 90' lang='lat' dir='ltr'>mater</span> <span class='ocrx_word' id='word_1_138' title='bbox 1122 1849 1204 1886; x_wconf 88' lang='lat' dir='ltr'>eius</span> <span class='ocrx_word' id='word_1_139' title='bbox 1219 1848 1334 1886; x_wconf 91' lang='lat' dir='ltr'>Doris</span> <span class='ocrx_word' id='word_1_140' title='bbox 1349 1848 1512 1887; x_wconf 90' lang='lat' dir='ltr'>oriunda</span> 
     </span>
     <span class='ocr_line' id='line_1_19' title="bbox 207 1938 1510 1989; baseline 0.002 -14"><span class='ocrx_word' id='word_1_141' title='bbox 207 1941 302 1975; x_wconf 88' lang='lat' dir='ltr'>erat.</span> <span class='ocrx_word' id='word_1_142' title='bbox 359 1938 544 1988; x_wconf 86' lang='lat' dir='ltr'>Legimus</span> <span class='ocrx_word' id='word_1_143' title='bbox 598 1952 661 1989; x_wconf 92' lang='lat' dir='ltr'>ap.</span> <span class='ocrx_word' id='word_1_144' title='bbox 711 1939 857 1977; x_wconf 89' lang='lat' dir='ltr'>Athen.</span> <span class='ocrx_word' id='word_1_145' title='bbox 875 1968 885 1986; x_wconf 94' lang='lat'>,</span> <span class='ocrx_word' id='word_1_146' title='bbox 927 1943 1138 1989; x_wconf 88' lang='lat' dir='ltr'>tyrannum</span> <span class='ocrx_word' id='word_1_147' title='bbox 1180 1940 1335 1978; x_wconf 86' lang='lat' dir='ltr'>exulem</span> <span class='ocrx_word' id='word_1_148' title='bbox 1377 1940 1510 1978; x_wconf 87' lang='lat' dir='ltr'>Locris</span> 
     </span>
     <span class='ocr_line' id='line_1_20' title="bbox 207 2025 1509 2081; baseline 0.002 -15"><span class='ocrx_word' id='word_1_149' title='bbox 207 2025 411 2079; x_wconf 85' lang='lat' dir='ltr'>degentem</span> <span class='ocrx_word' id='word_1_150' title='bbox 454 2027 576 2067; x_wconf 87' lang='lat' dir='ltr'>effusa</span> <span class='ocrx_word' id='word_1_151' title='bbox 618 2028 775 2067; x_wconf 84' lang='lat' dir='ltr'>luxuria</span> <span class='ocrx_word' id='word_1_152' title='bbox 802 2041 847 2068; x_wconf 87' lang='lat' dir='ltr'>ac</span> <span class='ocrx_word' id='word_1_153' title='bbox 876 2028 1020 2081; x_wconf 88' lang='lat' dir='ltr'>stupris</span> <span class='ocrx_word' id='word_1_154' title='bbox 1049 2028 1284 2081; x_wconf 85' lang='lat' dir='ltr'>flagitiisque</span> <span class='ocrx_word' id='word_1_155' title='bbox 1311 2028 1351 2068; x_wconf 92' lang='lat' dir='ltr'>in</span> <span class='ocrx_word' id='word_1_156' title='bbox 1379 2028 1509 2069; x_wconf 89' lang='lat' dir='ltr'>odium</span> 
     </span>
     <span class='ocr_line' id='line_1_21' title="bbox 207 2118 1508 2169; baseline 0.002 -15"><span class='ocrx_word' id='word_1_157' title='bbox 207 2118 350 2154; x_wconf 84' lang='lat' dir='ltr'>civium</span> <span class='ocrx_word' id='word_1_158' title='bbox 391 2118 658 2155; x_wconf 86' lang='lat' dir='ltr'>incucurrisse.</span> <span class='ocrx_word' id='word_1_159' title='bbox 704 2118 780 2155; x_wconf 90' lang='lat' dir='ltr'>Sed</span> <span class='ocrx_word' id='word_1_160' title='bbox 807 2119 1022 2158; x_wconf 87' lang='lat' dir='ltr'>Locrenses</span> <span class='ocrx_word' id='word_1_161' title='bbox 1051 2118 1225 2156; x_wconf 88' lang='lat' dir='ltr'>horribili</span> <span class='ocrx_word' id='word_1_162' title='bbox 1253 2119 1365 2156; x_wconf 90' lang='lat' dir='ltr'>modo</span> <span class='ocrx_word' id='word_1_163' title='bbox 1392 2119 1508 2169; x_wconf 88' lang='lat' dir='ltr'>virgi-</span> 
     </span>
     <span class='ocr_line' id='line_1_22' title="bbox 205 2210 1508 2261; baseline 0.001 -14"><span class='ocrx_word' id='word_1_164' title='bbox 205 2220 300 2247; x_wconf 91' lang='lat' dir='ltr'>num</span> <span class='ocrx_word' id='word_1_165' title='bbox 341 2222 499 2247; x_wconf 89' lang='lat' dir='ltr'>suarum</span> <span class='ocrx_word' id='word_1_166' title='bbox 541 2210 794 2248; x_wconf 86' lang='lat' dir='ltr'>contumelias</span> <span class='ocrx_word' id='word_1_167' title='bbox 836 2210 909 2248; x_wconf 90' lang='lat' dir='ltr'>ulti</span> <span class='ocrx_word' id='word_1_168' title='bbox 953 2214 1068 2259; x_wconf 81' lang='lat' dir='ltr'>sunt3</span> <span class='ocrx_word' id='word_1_169' title='bbox 1110 2223 1279 2261; x_wconf 87' lang='lat' dir='ltr'>namque</span> <span class='ocrx_word' id='word_1_170' title='bbox 1321 2210 1508 2261; x_wconf 89' lang='lat' dir='ltr'>Dionysio</span> 
     </span>
     <span class='ocr_line' id='line_1_23' title="bbox 204 2295 1505 2350; baseline 0.002 -14"><span class='ocrx_word' id='word_1_171' title='bbox 204 2295 365 2336; x_wconf 85' lang='lat' dir='ltr'>absente</span> <span class='ocrx_word' id='word_1_172' title='bbox 405 2297 533 2344; x_wconf 84' lang='grc' dir='ltr'><em>μετόὗ</em></span> <span class='ocrx_word' id='word_1_173' title='bbox 575 2296 693 2337; x_wconf 80' lang='grc' dir='ltr'><em>πολὺν</em></span> <span class='ocrx_word' id='word_1_174' title='bbox 719 2297 847 2347; x_wconf 72' lang='grc' dir='ltr'><em>χρὲνον</em></span> <span class='ocrx_word' id='word_1_175' title='bbox 878 2298 910 2337; x_wconf 82' lang='grc' dir='ltr'>οἱ</span> <span class='ocrx_word' id='word_1_176' title='bbox 941 2297 1213 2350; x_wconf 66' lang='grc' dir='ltr'>ὑβρισθέντες,</span> <span class='ocrx_word' id='word_1_177' title='bbox 1244 2303 1411 2346; x_wconf 70' lang='grc' dir='ltr'><em>γυναῖκκ</em></span> <span class='ocrx_word' id='word_1_178' title='bbox 1439 2301 1505 2338; x_wconf 73' lang='grc' dir='ltr'>καὶ</span> 
     </span>
     <span class='ocr_line' id='line_1_24' title="bbox 204 2386 1506 2437; baseline 0.003 -13"><span class='ocrx_word' id='word_1_179' title='bbox 204 2386 320 2425; x_wconf 65' lang='grc' dir='ltr'><em>τέκνω</em></span> <span class='ocrx_word' id='word_1_180' title='bbox 358 2388 494 2427; x_wconf 80' lang='grc' dir='ltr'><em>ἐκείνου</em></span> <span class='ocrx_word' id='word_1_181' title='bbox 536 2389 747 2435; x_wconf 67' lang='grc' dir='ltr'><em>λαβόντες,</em></span> <span class='ocrx_word' id='word_1_182' title='bbox 775 2389 974 2436; x_wconf 75' lang='grc' dir='ltr'><em>ὑποχείρια</em></span> <span class='ocrx_word' id='word_1_183' title='bbox 1000 2389 1061 2427; x_wconf 77' lang='grc' dir='ltr'>ἐπὶ</span> <span class='ocrx_word' id='word_1_184' title='bbox 1091 2396 1158 2437; x_wconf 65' lang='grc' dir='ltr'>τῆς</span> <span class='ocrx_word' id='word_1_185' title='bbox 1187 2391 1266 2429; x_wconf 77' lang='grc' dir='ltr'><em>ὀδοῦ</em></span> <span class='ocrx_word' id='word_1_186' title='bbox 1296 2392 1506 2435; x_wconf 74' lang='grc' dir='ltr'><em>στήσαντες</em></span> 
     </span>
    </p>
   </div>
   <div class='ocr_carea' id='block_1_3' title="bbox 203 2475 1505 2532">
    <p class='ocr_par' dir='ltr' id='par_1_4' title="bbox 203 2475 1505 2532">
     <span class='ocr_line' id='line_1_25' title="bbox 203 2475 1505 2532; baseline 0.002 -16"><span class='ocrx_word' id='word_1_187' title='bbox 203 2479 297 2523; x_wconf 71' lang='grc' dir='ltr'>μεθ’</span> <span class='ocrx_word' id='word_1_188' title='bbox 339 2475 477 2527; x_wconf 77' lang='grc' dir='ltr'><em>ὕβρεως</em></span> <span class='ocrx_word' id='word_1_189' title='bbox 517 2479 824 2524; x_wconf 67' lang='grc' dir='ltr'>ἐνηκολάσταινον</span> <span class='ocrx_word' id='word_1_190' title='bbox 864 2481 1002 2523; x_wconf 60' lang='grc' dir='ltr'>αὐτοῖς·</span> <span class='ocrx_word' id='word_1_191' title='bbox 1047 2484 1110 2520; x_wconf 80' lang='grc' dir='ltr'>καὶ</span> <span class='ocrx_word' id='word_1_192' title='bbox 1156 2483 1236 2520; x_wconf 72' lang='grc' dir='ltr'><em>ἐπεὶ</em></span> <span class='ocrx_word' id='word_1_193' title='bbox 1271 2486 1337 2527; x_wconf 76' lang='grc' dir='ltr'><em>τῆ,-</em></span> <span class='ocrx_word' id='word_1_194' title='bbox 1366 2480 1505 2532; x_wconf 61' lang='grc' dir='ltr'><strong><em>ὕβρεως</em></strong></span> 
     </span>
    </p>
   </div>
  </div>
 </body>
</html>
