1785 2956
876 263 922 298 13

249 401 406 441 πάθοιεν
444 399 502 441 οἷα
546 404 610 439 καὶ
640 402 809 449 πρότερον
838 399 907 438 ὑπὸ
937 399 1007 437 τῶν
1037 397 1254 447 συμμάχων
1282 396 1549 445 ἀποβαλόντες

250 497 316 542 τὴν
361 495 493 536 πόλιν,
533 493 598 544 qui
627 495 754 531 metus
782 495 915 530 contra
943 491 1087 542 optime
1114 489 1279 542 quadrat
1308 491 1348 529 in
1375 495 1550 543 tempora

249 584 340 622 belli
383 583 581 633 Thebani,
611 582 714 635 quod
740 582 891 621 circiter
920 581 1002 620 XX
1030 581 1141 619 annis
1169 584 1259 619 ante
1291 581 1493 632 flagrabat.
1510 582 1548 632 *)

740 763 878 805 OAP.
920 762 1064 802 VIII.

302 948 392 990 ναῦς
422 945 459 984 δὲ
488 945 683 994 Κορινθίας
711 946 781 992 μὲν
811 943 907 993 ἔχων
938 944 1058 988 ἑπτά,
1090 944 1315 992 Κερκυραίας
1340 943 1377 982 δὲ
1405 943 1465 983 δύο
1484 943 1546 982 καὶ

250 1040 316 1087 τὴν
358 1037 517 1082 δεκάτην
564 1035 777 1075 Λευκαδίων
819 1034 1186 1085 προσ-παρασχόντων
1214 1036 1385 1085 ἀνήχθη.
1413 1036 1549 1095 Refert

248 1128 344 1165 haec
379 1127 572 1166 Diodorus
602 1127 665 1177 (L.
692 1127 816 1176 XVI,
846 1126 940 1178 Cap.
972 1128 1039 1176 66)
1069 1127 1119 1164 ad
1146 1127 1207 1164 01.
1239 1127 1400 1176 CVIII,
1429 1129 1475 1175 4,
1512 1140 1547 1165 a.

249 1218 293 1256 O.
346 1219 435 1257 345.
480 1218 624 1267 Addit,
667 1217 948 1257 Timoleontem
989 1218 1253 1269 septingentos
1292 1219 1548 1257 mercenarios

247 1308 497 1359 conduxisse,
540 1308 680 1360 quibus
721 1308 762 1347 in
801 1312 966 1361 quatuor
994 1321 1112 1347 naves
1142 1308 1336 1347 onerarias
1359 1308 1548 1360 impositis

245 1405 325 1440 tres
353 1401 498 1439 celoces
527 1400 640 1438 classi
667 1400 819 1439 adiecit.
849 1400 960 1439 Bona
989 1414 1079 1452 pars
1110 1400 1435 1439 mercenariorum
1464 1404 1548 1438 erat

246 1505 298 1530 ex
337 1493 404 1542 iis,
448 1493 514 1544 qui
556 1492 657 1531 bello
701 1505 809 1531 sacro
837 1505 924 1531 cum
952 1491 1218 1531 Phocensibus
1249 1493 1439 1544 templum
1453 1491 1546 1530 Del-

247 1582 404 1634 phicum
434 1582 700 1634 diripuerant,
729 1583 873 1635 quique
900 1585 1006 1633 tum,
1034 1583 1107 1622 toti
1135 1582 1322 1622 Graeciae
1354 1582 1403 1622 ob
1432 1583 1546 1622 sacri-

249 1674 394 1724 legium
438 1674 573 1723 invisi,
617 1686 685 1725 per
722 1673 1032 1724 Peloponnesum
1060 1668 1315 1724 vagabantur.
1345 1672 1405 1712 Of.
1433 1673 1548 1711 huius

248 1763 366 1803 Vitae
395 1763 490 1816 Cap.
519 1763 643 1802 XXX
670 1767 708 1803 et
724 1763 866 1803 librum
881 1764 942 1803 De
960 1763 1054 1803 Sera
1068 1763 1187 1802 Num.
1202 1763 1320 1803 Vind.
1336 1777 1373 1815 p.
1391 1764 1479 1803 552.
1497 1788 1546 1792 —

248 1853 416 1906 Reliqua
457 1854 606 1904 omnia,
645 1866 744 1906 quae
773 1854 845 1893 hoc
872 1854 998 1906 capite
1027 1854 1291 1901 continentur,
1323 1853 1436 1892 Diod.
1466 1854 1491 1891 1.
1521 1854 1546 1892 1.

246 1945 379 1984 eodem
406 1946 486 1984 fere
512 1945 625 1984 modo
653 1949 829 1995 enarrat,
858 1945 996 1984 itinere
1019 1945 1270 1983 Timoleontis
1284 1945 1333 1983 ad
1348 1945 1547 1983 oraculum

245 2037 479 2089 Delphicum
507 2038 788 2089 praetermisso.

300 2219 392 2260 εἶναι
420 2220 496 2268 γὰρ
525 2220 624 2267 ἱερὰν
652 2224 718 2268 ’τῆς
747 2222 862 2267 Κόρης
890 2222 957 2267 τὴν
985 2218 1183 2267 Σικελίαν,
1208 2218 1289 2254 ἐπεὶ
1314 2216 1445 2255 καὶτὰ
1462 2219 1544 2264 περὶ

284 2427 317 2468 θ)
346 2427 391 2457 De
418 2428 483 2457 tota
513 2435 544 2456 re
575 2426 688 2465 inspice
716 2423 829 2454 librum
859 2422 895 2453 de
926 2422 1109 2453 Timoleonte
1138 2421 1344 2452 eruditissime
1359 2421 1507 2461 scriptum
1528 2430 1546 2452 a

244 2507 273 2537 J.
296 2506 330 2536 F.
351 2505 380 2535 J.
401 2503 531 2535 Arnoldt
554 2503 754 2543 (Gumbinnae
778 2501 885 2540 1850),
907 2510 977 2541 pag.
998 2481 1036 2530 38
1057 2509 1097 2530 ss.
