1785 2956
769 527 907 567 CAP.
947 526 1011 567 II.

289 710 326 747 ἐν
362 710 485 759 τούτῳ
518 708 556 747 δὲ
594 707 852 757 Καρχηδονίων
880 708 1007 759 στόλῳ
1037 712 1205 760 μεγάλῳ
1231 709 1539 758 παραγενομένων

232 800 284 845 εἰς
328 800 509 839 Σικελίαν
551 802 616 838 καὶ
645 803 723 845 τοῖς
751 798 976 849 πράγμασιν
1006 800 1303 849 ἐπαιωρουμένων
1332 801 1410 840 κτὲ.
1440 801 1540 841 Cum

231 891 342 931 brevi
384 891 525 932 notitia
565 892 769 931 Plutarchi
797 905 1071 944 componamus
1098 905 1145 931 ea
1172 905 1272 944 quae
1298 892 1417 932 tradit
1446 893 1538 932 Dio-

230 982 346 1022 dorus
375 983 421 1022 L.
454 982 579 1033 XVI,
610 982 705 1035 Cap.
736 984 808 1033 67,
841 985 877 1021 2.
906 983 1016 1021 Haec
1043 984 1172 1022 omnia
1194 983 1244 1022 ab
1258 996 1303 1022 eo
1315 984 1538 1023 referuntur

228 1074 278 1114 ad
306 1088 452 1114 annum
487 1074 548 1115 Ol.
582 1074 744 1125 CVIII,
777 1075 824 1125 4,
852 1087 887 1113 a.
919 1074 962 1114 O.
1002 1075 1091 1113 345.
1123 1074 1247 1114 Docet
1277 1087 1366 1126 not-3,
1386 1074 1538 1114 Poenos

226 1163 361 1212 βραχὺ
394 1164 461 1211 πρὸ
491 1161 630 1202 τούτων
658 1168 733 1201 τῶν
761 1167 896 1212 sempev
924 1165 965 1214 (i.
995 1177 1028 1203 e.
1046 1169 1137 1203 ante
1152 1164 1404 1203 Timoleontis
1419 1178 1535 1217 expe-

227 1254 458 1305 ditionem),
500 1256 777 1306 gravissimum
820 1255 966 1294 bellum
1003 1256 1043 1293 in
1080 1255 1212 1295 Sicilia
1240 1259 1533 1308 exspectantes,

225 1346 351 1398 primo
393 1359 481 1385 cum
523 1346 685 1385 urbibus
727 1346 933 1385 foederatis
976 1346 1187 1386 amicitiam
1224 1347 1470 1387 confirmasse
1493 1351 1531 1386 et

225 1441 482 1489 tyrannorum
511 1437 585 1476 sibi
614 1438 856 1476 voluntatem
884 1438 1118 1475 conciliasse.
1148 1437 1249 1475 Tum
1278 1451 1369 1476 vero
1396 1439 1530 1489 ingen-

222 1532 281 1567 tes
315 1532 355 1567 et
386 1528 545 1567 navales
581 1532 619 1566 et
647 1531 850 1566 terrestres
876 1529 1005 1579 copias
1034 1531 1185 1567 coactas
1211 1528 1406 1567 Hannone
1433 1528 1530 1567 duce

219 1618 260 1657 in
300 1609 472 1657 Siciliam
520 1619 804 1658 transmittunt.
848 1618 1060 1657 Habebant
1103 1618 1170 1657 CL
1212 1631 1331 1658 naves
1371 1619 1527 1671 longas,

219 1712 395 1765 peditum
433 1711 472 1751 V
511 1711 640 1761 milia;
670 1713 872 1763 praeterea
899 1714 1218 1763 comparaverant
1246 1723 1355 1750 arma
1382 1714 1420 1750 et
1448 1711 1527 1750 tela

219 1805 344 1843 omnis
374 1803 548 1855 generis,
578 1801 778 1841 machinas
805 1801 984 1852 bellicas,
1013 1801 1197 1841 frumenti
1224 1814 1269 1841 ac
1292 1801 1410 1840 ceteri
1423 1814 1525 1841 com·

216 1897 370 1933 meatus
399 1893 549 1945 copiam
577 1893 789 1943 ingentem.
820 1891 973 1943 Oppido
1001 1891 1158 1930 Entella
1184 1891 1380 1931 obsidione
1394 1893 1524 1932 clauso

220 1986 439 2038 Campani,
469 1985 536 2036 qui
564 1985 643 2022 illic
670 1984 890 2023 incolebant
918 1984 971 2044 (v.
1001 1996 1063 2035 ap.
1092 1982 1206 2022 Diod.
1231 1982 1277 2022 L.
1293 1982 1409 2033 XIV,
1426 1982 1521 2035 Cap.

216 2078 240 2115 9
256 2106 266 2126 ,
298 2088 374 2127 quo
404 2075 547 2113 scelere
576 2074 667 2112 olim
695 2074 885 2125 Campani
911 2073 1138 2111 mercenarii
1166 2072 1344 2125 Dionysii
1367 2074 1522 2112 maioris

215 2166 287 2205 hoc
329 2165 515 2218 oppidum
556 2164 861 2215 occupaverint),
903 2163 1094 2202 auxilium
1133 2166 1271 2215 petunt
1313 2176 1339 2201 a
1362 2164 1520 2214 reliquis

214 2256 389 2309 oppidis,
435 2269 536 2307 quae
579 2255 734 2294 hostilia
777 2255 919 2294 Poenis
962 2258 1103 2294 essent.
1146 2254 1226 2294 Soli
1264 2253 1441 2293 Galarini
1476 2253 1520 2293 Μ

213 2346 358 2385 milites
396 2344 568 2383 subsidio
613 2344 801 2394 mittunt3
830 2344 971 2395 quibus
999 2344 1040 2382 in
1068 2344 1206 2381 itinere
1233 2343 1283 2382 ab
1309 2343 1420 2382 hoste
1447 2344 1518 2382 cir-

212 2437 431 2477 cumventis
476 2439 514 2474 et
545 2435 595 2474 ad
623 2448 745 2474 unum
779 2424 939 2474 concisis
980 2434 1222 2484 Aetnenses,
1253 2437 1291 2473 et
1317 2434 1374 2472 illi
1403 2433 1517 2474 Cam·

210 2528 303 2583 pani
344 2527 410 2578 (cf.
451 2525 566 2566 Diod.
610 2525 657 2565 L.
700 2525 817 2577 XIV,
866 2526 961 2579 Cap.
1005 2527 1085 2576 58),
1126 2528 1278 2565 mutato
1320 2525 1516 2578 proposito
