1785 2956
868 260 919 297 56

234 391 436 440 Σικελιόιν,>
478 400 517 435 ct
554 409 591 435 v.
620 396 661 435 in
687 397 867 449 reliquis,
896 396 1088 449 quomodo
1115 396 1247 436 miseri
1276 396 1542 436 Athenienses

229 485 406 526 versibus
447 489 486 525 et
527 486 703 532 canticis
720 485 941 539 Euripidcis
970 486 1181 526 recitandis
1211 490 1280 526 aut
1311 486 1533 527 libertatem

231 580 300 615 aut
327 577 474 615 victum
504 576 577 615 sibi
605 576 846 628 paraverint.

678 731 815 770 CAP.
860 731 1107 770 XXXIII.

286 876 351 911 καὶ
370 874 472 911 δοκεῖ
483 877 590 911 τοῦτο
605 875 680 916 τῶν
695 872 944 919 Τιμολέοντος
959 872 1074 921 ἔργων
1090 874 1396 922 ἀχκριστότατον
1412 872 1544 920 γενέσ-

235 967 320 1004 θαι.
340 965 462 1004 Nulla
477 978 594 1003 causa
609 965 825 1016 excogitari
839 968 988 1016 potest,
1004 978 1072 1003 cur
1087 965 1288 1004 Timoleon
1304 965 1344 1003 in
1358 965 1542 1019 Hicetam

234 1055 395 1108 eiusque
434 1054 593 1094 domum
635 1054 765 1094 animo
807 1057 920 1107 grato
947 1067 1030 1094 esse
1058 1054 1259 1106 debuerit3
1288 1054 1441 1095 collatis
1469 1054 1545 1105 iis,

235 1159 336 1198 quae
387 1146 438 1185 V.
493 1146 552 1197 CI.
609 1146 779 1185 Cobetus
832 1146 962 1184 docuit
1008 1146 1059 1184 N.
1102 1146 1148 1184 L.
1191 1158 1279 1197 pag.
1324 1147 1427 1194 585,
1469 1160 1547 1184 non

233 1234 369 1274 dubito
402 1235 496 1288 quin
525 1247 614 1273 cum
646 1233 730 1274 cod.
758 1234 887 1273 Palat.
911 1233 1159 1274 scribendum
1175 1235 1225 1274 sit
1240 1233 1546 1283 ἀχαριτώτατον,

230 1338 370 1377 parum
406 1328 616 1363 venustum
645 1328 684 1364 et
712 1325 870 1375 elegans
898 1325 940 1374 (a
974 1324 1103 1362 forma
1132 1325 1313 1373 ἄχκρι;);
1343 1337 1466 1362 unum
1494 1336 1547 1362 ex

233 1413 476 1467 paucissimis
505 1413 759 1454 Timoleontis
787 1414 1047 1465 facinoribus,
1077 1413 1117 1452 in
1146 1426 1246 1466 quae
1281 1426 1358 1453 non
1382 1413 1547 1465 quadret

234 1505 302 1542 illa
328 1506 440 1551 χάρις
467 1505 655 1553 θεοφιλὴς
684 1503 748 1541 xxi
778 1501 997 1551 πρέπουσα,
1028 1516 1146 1555 quam
1175 1504 1258 1543 cius
1285 1504 1401 1543 rebus
1422 1505 1544 1556 gestis

234 1595 373 1634 tribuit
410 1594 517 1634 Plut.
547 1594 643 1647 Cap.
676 1594 840 1634 XXXV
869 1598 971 1634 extr.
1000 1598 1040 1633 et
1071 1594 1166 1646 Cap.
1197 1593 1264 1633 III
1294 1593 1475 1645 (τοσαύτη
1496 1620 1545 1624 --

233 1685 299 1722 καὶ
334 1689 423 1729 ταῖς
452 1681 595 1730 ἄλλους
624 1683 801 1733 πράξεσιν
831 1683 1113 1728 ἐπηκολοιθησε
1144 1687 1256 1733 χάρις
1287 1684 1545 1731 ἐπικοσμοῦσα

234 1774 300 1818 τὴν
329 1774 463 1822 ἀρετὴν
492 1779 557 1813 τοῦ
586 1774 748 1824 ἀνδρός).

288 1932 370 1976 περὶ
413 1926 460 1966 ὦν
491 1929 528 1966 ἕν
556 1934 610 1984 τῷ
638 1928 774 1972 Δίωνος
802 1928 1027 1976 γέγρκπτκι
1058 1927 1144 1976 βίῳ.
1178 1928 1238 1967 Of.
1268 1929 1375 1968 vitae
1406 1929 1545 1969 Dionis

232 2024 350 2072 caput
391 2020 573 2059 ultimum
618 2023 658 2059 et
685 2033 753 2069 ea,
782 2032 883 2071 quae
913 2032 1033 2071 supra
1060 2020 1339 2060 annotavimus
1368 2020 1418 2060 ad
1449 2004 1546 2072 Cap.

235 2109 357 2148 XIII.
400 2132 450 2138 --
493 2109 555 2149 De
591 2109 758 2158 Hioetae
786 2109 1015 2162 propinquis
1043 2110 1132 2149 silet
1166 2109 1278 2149 Diod.
1292 2140 1302 2160 ‚
1331 2110 1399 2162 qui
1427 2110 1549 2163 ipsius

234 2201 394 2253 tyranni
433 2201 546 2240 exitu
586 2200 757 2240 breviter
796 2203 957 2240 narrato
1002 2199 1117 2253 (Gap.
1163 2202 1213 2241 82
1226 2231 1237 2251 ,
1281 2202 1326 2240 4:
1369 2200 1472 2248 μετὰ
1510 2200 1548 2240 δὲ

236 2292 365 2329 ταῦτα
395 2291 459 2330 τὸν
485 2290 556 2337 μὲν
582 2278 729 2329 Ἰοιέτοιν
757 2290 1088 2337 καταπολεμήσας
1115 2289 1271 2339 ἔθαψε,
1303 2291 1406 2343 quod
1421 2292 1551 2334 nescio

236 2395 287 2421 an
331 2385 558 2434 corruptum
599 2382 667 2433 sit)
710 2381 843 2431 addit,
885 2381 1171 2421 Timoleontem
1209 2381 1450 2434 Campanos,
1482 2382 1551 2435 qui

241 2470 414 2512 Aetnam
464 2471 651 2512 tenebant
705 2485 729 2511 a
768 2472 913 2512 maiore
955 2472 1143 2525 Dionysio
1179 2473 1309 2513 sedem
1350 2478 1549 2526 acceptam
