<?xml version="1.0" encoding="UTF-8"?>
<!DOCTYPE html PUBLIC "-//W3C//DTD XHTML 1.0 Transitional//EN"
    "http://www.w3.org/TR/xhtml1/DTD/xhtml1-transitional.dtd">
<html xmlns="http://www.w3.org/1999/xhtml" xml:lang="en" lang="en">
 <head>
  <title>
</title>
<meta http-equiv="Content-Type" content="text/html;charset=utf-8" />
  <meta name='ocr-system' content='tesseract 3.04.00' />
  <meta name='ocr-capabilities' content='ocr_page ocr_carea ocr_par ocr_line ocrx_word'/>
</head>
<body>
  <div class='ocr_page' id='page_1' title='image "4738089_0040.png"; bbox 0 0 1785 2956; ppageno 0'>
   <div class='ocr_carea' id='block_1_1' title="bbox 831 309 882 346">
    <p class='ocr_par' dir='ltr' id='par_1_1' title="bbox 831 309 882 346">
     <span class='ocr_line' id='line_1_1' title="bbox 831 309 882 346; baseline 0 0"><span class='ocrx_word' id='word_1_1' title='bbox 831 309 882 346; x_wconf 86' lang='lat'><strong>25</strong></span> 
     </span>
    </p>
   </div>
   <div class='ocr_carea' id='block_1_2' title="bbox 201 443 1505 766">
    <p class='ocr_par' dir='ltr' id='par_1_2' title="bbox 201 443 1505 766">
     <span class='ocr_line' id='line_1_2' title="bbox 205 443 1505 496; baseline -0.004 -11"><span class='ocrx_word' id='word_1_2' title='bbox 205 445 441 485; x_wconf 78' lang='lat' dir='ltr'><strong>Plutarchus</strong></span> <span class='ocrx_word' id='word_1_3' title='bbox 475 445 583 484; x_wconf 88' lang='lat' dir='ltr'><strong>urbis</strong></span> <span class='ocrx_word' id='word_1_4' title='bbox 625 445 954 496; x_wconf 82' lang='lat' dir='ltr'><strong>expugnationem</strong></span> <span class='ocrx_word' id='word_1_5' title='bbox 997 443 1203 495; x_wconf 83' lang='lat' dir='ltr'>diligenter</span> <span class='ocrx_word' id='word_1_6' title='bbox 1244 446 1283 481; x_wconf 90' lang='lat' dir='ltr'><strong>et</strong></span> <span class='ocrx_word' id='word_1_7' title='bbox 1325 444 1505 481; x_wconf 84' lang='lat' dir='ltr'><strong>accurate</strong></span> 
     </span>
     <span class='ocr_line' id='line_1_3' title="bbox 203 519 1505 585; baseline -0.003 -11"><span class='ocrx_word' id='word_1_8' title='bbox 203 519 249 574; x_wconf 23' lang='lat' dir='ltr'><strong>et·</strong></span> <span class='ocrx_word' id='word_1_9' title='bbox 270 535 311 573; x_wconf 91' lang='lat' dir='ltr'><strong>in</strong></span> <span class='ocrx_word' id='word_1_10' title='bbox 338 534 516 575; x_wconf 87' lang='lat' dir='ltr'><strong>omnibus</strong></span> <span class='ocrx_word' id='word_1_11' title='bbox 544 534 617 573; x_wconf 85' lang='lat' dir='ltr'>sibi</span> <span class='ocrx_word' id='word_1_12' title='bbox 646 537 827 573; x_wconf 79' lang='lat' dir='ltr'><strong>constans</strong></span> <span class='ocrx_word' id='word_1_13' title='bbox 857 533 1062 585; x_wconf 79' lang='lat' dir='ltr'><strong>exposuit,</strong></span> <span class='ocrx_word' id='word_1_14' title='bbox 1095 532 1287 571; x_wconf 85' lang='lat' dir='ltr'><strong>Diodorus</strong></span> <span class='ocrx_word' id='word_1_15' title='bbox 1303 532 1505 584; x_wconf 88' lang='lat' dir='ltr'><strong>aliquanto</strong></span> 
     </span>
     <span class='ocr_line' id='line_1_4' title="bbox 201 622 1504 675; baseline -0.003 -11"><span class='ocrx_word' id='word_1_16' title='bbox 201 624 358 664; x_wconf 85' lang='lat' dir='ltr'><strong>brevius</strong></span> <span class='ocrx_word' id='word_1_17' title='bbox 384 628 423 663; x_wconf 88' lang='lat' dir='ltr'><strong>et</strong></span> <span class='ocrx_word' id='word_1_18' title='bbox 449 624 648 663; x_wconf 82' lang='lat' dir='ltr'><strong>obscurius</strong></span> <span class='ocrx_word' id='word_1_19' title='bbox 676 628 715 663; x_wconf 89' lang='lat' dir='ltr'><strong>et</strong></span> <span class='ocrx_word' id='word_1_20' title='bbox 745 624 961 675; x_wconf 81' lang='lat' dir='ltr'><strong>confusius3</strong></span> <span class='ocrx_word' id='word_1_21' title='bbox 994 636 1119 675; x_wconf 88' lang='lat' dir='ltr'><strong>neque</strong></span> <span class='ocrx_word' id='word_1_22' title='bbox 1147 623 1262 661; x_wconf 86' lang='lat' dir='ltr'><strong>huius</strong></span> <span class='ocrx_word' id='word_1_23' title='bbox 1291 622 1504 662; x_wconf 87' lang='lat' dir='ltr'><strong>auctoritas</strong></span> 
     </span>
     <span class='ocr_line' id='line_1_5' title="bbox 203 714 1505 766; baseline -0.004 -11"><span class='ocrx_word' id='word_1_24' title='bbox 203 716 321 766; x_wconf 85' lang='lat' dir='ltr'><strong>vulgo</strong></span> <span class='ocrx_word' id='word_1_25' title='bbox 362 718 443 754; x_wconf 86' lang='lat' dir='ltr'><strong>tam</strong></span> <span class='ocrx_word' id='word_1_26' title='bbox 478 715 608 766; x_wconf 82' lang='lat' dir='ltr'><strong>gravis</strong></span> <span class='ocrx_word' id='word_1_27' title='bbox 635 715 825 764; x_wconf 86' lang='lat' dir='ltr'><strong>habetur,</strong></span> <span class='ocrx_word' id='word_1_28' title='bbox 859 715 954 765; x_wconf 87' lang='lat' dir='ltr'><strong>quin</strong></span> <span class='ocrx_word' id='word_1_29' title='bbox 982 714 1244 752; x_wconf 81' lang='lat' dir='ltr'><strong>Chaeronensi</strong></span> <span class='ocrx_word' id='word_1_30' title='bbox 1273 716 1395 751; x_wconf 86' lang='lat' dir='ltr'><strong>totam</strong></span> <span class='ocrx_word' id='word_1_31' title='bbox 1423 725 1505 751; x_wconf 89' lang='lat' dir='ltr'><strong>rem</strong></span> 
     </span>
    </p>
   </div>
   <div class='ocr_carea' id='block_1_3' title="bbox 205 802 1399 855">
    <p class='ocr_par' dir='ltr' id='par_1_3' title="bbox 205 802 1399 855">
     <span class='ocr_line' id='line_1_6' title="bbox 205 802 1399 855; baseline -0.003 -11"><span class='ocrx_word' id='word_1_32' title='bbox 205 805 421 844; x_wconf 79' lang='lat' dir='ltr'><strong>luculenter</strong></span> <span class='ocrx_word' id='word_1_33' title='bbox 447 808 485 843; x_wconf 90' lang='lat' dir='ltr'><strong>et</strong></span> <span class='ocrx_word' id='word_1_34' title='bbox 512 804 646 844; x_wconf 86' lang='lat' dir='ltr'><strong>ordine</strong></span> <span class='ocrx_word' id='word_1_35' title='bbox 672 805 885 855; x_wconf 83' lang='lat' dir='ltr'><strong>explicanti</strong></span> <span class='ocrx_word' id='word_1_36' title='bbox 913 804 1037 842; x_wconf 87' lang='lat' dir='ltr'><strong>libens</strong></span> <span class='ocrx_word' id='word_1_37' title='bbox 1065 804 1209 854; x_wconf 87' lang='lat' dir='ltr'><strong>primas</strong></span> <span class='ocrx_word' id='word_1_38' title='bbox 1237 802 1399 841; x_wconf 82' lang='lat' dir='ltr'><strong>deferas.</strong></span> 
     </span>
    </p>
   </div>
   <div class='ocr_carea' id='block_1_4' title="bbox 697 982 1023 1024">
    <p class='ocr_par' dir='ltr' id='par_1_4' title="bbox 697 982 1023 1024">
     <span class='ocr_line' id='line_1_7' title="bbox 697 982 1023 1024; baseline -0.003 -3"><span class='ocrx_word' id='word_1_39' title='bbox 697 982 835 1024; x_wconf 81' lang='lat' dir='ltr'>CAP.</span> <span class='ocrx_word' id='word_1_40' title='bbox 876 982 1023 1021; x_wconf 89' lang='lat' dir='ltr'>XIII.</span> 
     </span>
    </p>
   </div>
   <div class='ocr_carea' id='block_1_5' title="bbox 209 1153 1505 1306">
    <p class='ocr_par' dir='ltr' id='par_1_5' title="bbox 209 1153 1505 1306">
     <span class='ocr_line' id='line_1_8' title="bbox 259 1153 1505 1212; baseline -0.002 -9"><span class='ocrx_word' id='word_1_41' title='bbox 259 1166 324 1203; x_wconf 78' lang='grc' dir='ltr'><strong>καὶ</strong></span> <span class='ocrx_word' id='word_1_42' title='bbox 361 1162 437 1212; x_wconf 72' lang='grc' dir='ltr'><strong>γὰρ</strong></span> <span class='ocrx_word' id='word_1_43' title='bbox 467 1162 596 1209; x_wconf 79' lang='grc' dir='ltr'><em>πόλεις</em></span> <span class='ocrx_word' id='word_1_44' title='bbox 623 1153 737 1208; x_wconf 66' lang='lat' dir='ltr'><strong>si18&#39;b,-</strong></span> <span class='ocrx_word' id='word_1_45' title='bbox 764 1162 1126 1211; x_wconf 53' lang='grc' dir='ltr'><em>ἐπιπρεσβευόμεναι</em></span> <span class='ocrx_word' id='word_1_46' title='bbox 1157 1162 1419 1211; x_wconf 62' lang='grc' dir='ltr'><em>προσετίθεντο</em></span> <span class='ocrx_word' id='word_1_47' title='bbox 1449 1167 1505 1212; x_wconf 78' lang='grc' dir='ltr'><strong>τῷ</strong></span> 
     </span>
     <span class='ocr_line' id='line_1_9' title="bbox 209 1253 1505 1306; baseline -0.001 -14"><span class='ocrx_word' id='word_1_48' title='bbox 209 1253 444 1300; x_wconf 77' lang='grc' dir='ltr'><em>Τιμολέοντι.</em></span> <span class='ocrx_word' id='word_1_49' title='bbox 495 1254 690 1293; x_wconf 88' lang='lat' dir='ltr'><strong>Videntur</strong></span> <span class='ocrx_word' id='word_1_50' title='bbox 738 1253 996 1305; x_wconf 84' lang='lat' dir='ltr'><strong>Tyndaritani</strong></span> <span class='ocrx_word' id='word_1_51' title='bbox 1034 1254 1152 1293; x_wconf 86' lang='lat' dir='ltr'><strong>fuisse</strong></span> <span class='ocrx_word' id='word_1_52' title='bbox 1191 1255 1294 1293; x_wconf 88' lang='lat' dir='ltr'><strong>inter</strong></span> <span class='ocrx_word' id='word_1_53' title='bbox 1336 1254 1505 1306; x_wconf 87' lang='lat' dir='ltr'><strong>primos,</strong></span> 
     </span>
    </p>
   </div>
   <div class='ocr_carea' id='block_1_6' title="bbox 207 1346 1505 1488">
    <p class='ocr_par' dir='ltr' id='par_1_6' title="bbox 207 1346 1505 1488">
     <span class='ocr_line' id='line_1_10' title="bbox 207 1346 1505 1397; baseline 0.001 -14"><span class='ocrx_word' id='word_1_54' title='bbox 207 1346 272 1397; x_wconf 92' lang='lat' dir='ltr'><strong>qui</strong></span> <span class='ocrx_word' id='word_1_55' title='bbox 322 1347 372 1385; x_wconf 81' lang='lat' dir='ltr'><strong>ad</strong></span> <span class='ocrx_word' id='word_1_56' title='bbox 421 1346 673 1385; x_wconf 85' lang='lat' dir='ltr'><strong>Timoleontis</strong></span> <span class='ocrx_word' id='word_1_57' title='bbox 714 1347 936 1385; x_wconf 82' lang='lat' dir='ltr'><strong>societatem</strong></span> <span class='ocrx_word' id='word_1_58' title='bbox 977 1359 1060 1385; x_wconf 82' lang='lat' dir='ltr'><strong>sese</strong></span> <span class='ocrx_word' id='word_1_59' title='bbox 1099 1347 1414 1397; x_wconf 84' lang='lat' dir='ltr'><strong>applicaverunt,</strong></span> <span class='ocrx_word' id='word_1_60' title='bbox 1458 1346 1505 1384; x_wconf 87' lang='lat' dir='ltr'><strong>cf.</strong></span> 
     </span>
     <span class='ocr_line' id='line_1_11' title="bbox 207 1435 604 1488; baseline 0 -13"><span class='ocrx_word' id='word_1_61' title='bbox 207 1435 320 1476; x_wconf 90' lang='lat' dir='ltr'><strong>Diod.</strong></span> <span class='ocrx_word' id='word_1_62' title='bbox 351 1436 445 1488; x_wconf 84' lang='lat' dir='ltr'><strong>Cap.</strong></span> <span class='ocrx_word' id='word_1_63' title='bbox 475 1438 538 1486; x_wconf 88' lang='grc'><strong>69,</strong></span> <span class='ocrx_word' id='word_1_64' title='bbox 568 1438 604 1475; x_wconf 88' lang='lat'><strong>3.</strong></span> 
     </span>
    </p>
   </div>
   <div class='ocr_carea' id='block_1_7' title="bbox 204 1612 1507 2480">
    <p class='ocr_par' dir='ltr' id='par_1_7' title="bbox 204 1612 1507 2480">
     <span class='ocr_line' id='line_1_12' title="bbox 258 1612 1505 1663; baseline -0.001 -9"><span class='ocrx_word' id='word_1_65' title='bbox 258 1612 322 1654; x_wconf 64' lang='lat' dir='ltr'><strong>na?</strong></span> <span class='ocrx_word' id='word_1_66' title='bbox 368 1616 565 1662; x_wconf 66' lang='lat' dir='ltr'><strong>nomo-951³,-</strong></span> <span class='ocrx_word' id='word_1_67' title='bbox 606 1615 659 1660; x_wconf 62' lang='grc' dir='ltr'><strong>εἰς</strong></span> <span class='ocrx_word' id='word_1_68' title='bbox 700 1614 742 1654; x_wconf 76' lang='grc' dir='ltr'><strong>τὸ</strong></span> <span class='ocrx_word' id='word_1_69' title='bbox 784 1617 848 1654; x_wconf 86' lang='grc' dir='ltr'><em>τοῦ</em></span> <span class='ocrx_word' id='word_1_70' title='bbox 889 1614 1136 1661; x_wconf 72' lang='grc' dir='ltr'><em>Τιμολέοντος</em></span> <span class='ocrx_word' id='word_1_71' title='bbox 1179 1614 1426 1663; x_wconf 77' lang='grc' dir='ltr'><em>στρατόπεδον</em></span> <span class='ocrx_word' id='word_1_72' title='bbox 1455 1639 1505 1644; x_wconf 92' lang='grc'>-</span> 
     </span>
     <span class='ocr_line' id='line_1_13' title="bbox 206 1703 1505 1754; baseline -0.001 -11"><span class='ocrx_word' id='word_1_73' title='bbox 206 1703 387 1751; x_wconf 65' lang='grc' dir='ltr'><strong>ἐπὶ-μιᾶς</strong></span> <span class='ocrx_word' id='word_1_74' title='bbox 415 1705 500 1750; x_wconf 77' lang='grc' dir='ltr'><strong>νεὼς</strong></span> <span class='ocrx_word' id='word_1_75' title='bbox 528 1707 590 1743; x_wconf 74' lang='grc' dir='ltr'><strong>καὶ</strong></span> <span class='ocrx_word' id='word_1_76' title='bbox 619 1708 823 1754; x_wconf 76' lang='grc' dir='ltr'><em>χρημάτων</em></span> <span class='ocrx_word' id='word_1_77' title='bbox 848 1704 986 1751; x_wconf 72' lang='grc' dir='ltr'><em>ὀλίγων</em></span> <span class='ocrx_word' id='word_1_78' title='bbox 1012 1705 1064 1749; x_wconf 66' lang='grc' dir='ltr'><strong>εἰς</strong></span> <span class='ocrx_word' id='word_1_79' title='bbox 1094 1703 1263 1752; x_wconf 68' lang='grc' dir='ltr'><em>Κὸρινθον</em></span> <span class='ocrx_word' id='word_1_80' title='bbox 1289 1703 1505 1748; x_wconf 71' lang='grc' dir='ltr'><em>ἀπεστάλη.</em></span> 
     </span>
     <span class='ocr_line' id='line_1_14' title="bbox 205 1795 1507 1847; baseline -0.001 -13"><span class='ocrx_word' id='word_1_81' title='bbox 205 1795 393 1847; x_wconf 85' lang='lat' dir='ltr'><strong>Polybius</strong></span> <span class='ocrx_word' id='word_1_82' title='bbox 433 1796 479 1834; x_wconf 85' lang='lat' dir='ltr'><strong>L.</strong></span> <span class='ocrx_word' id='word_1_83' title='bbox 522 1795 607 1834; x_wconf 88' lang='lat' dir='ltr'><strong>XII</strong></span> <span class='ocrx_word' id='word_1_84' title='bbox 636 1796 761 1835; x_wconf 88' lang='lat' dir='ltr'><strong>multa</strong></span> <span class='ocrx_word' id='word_1_85' title='bbox 788 1796 829 1834; x_wconf 91' lang='lat' dir='ltr'><strong>in</strong></span> <span class='ocrx_word' id='word_1_86' title='bbox 860 1796 1064 1835; x_wconf 85' lang='lat' dir='ltr'><strong>Timaeum</strong></span> <span class='ocrx_word' id='word_1_87' title='bbox 1091 1797 1268 1835; x_wconf 86' lang='lat' dir='ltr'><strong>invectus</strong></span> <span class='ocrx_word' id='word_1_88' title='bbox 1296 1795 1507 1847; x_wconf 80' lang='lat' dir='ltr'><strong>exprobrat</strong></span> 
     </span>
     <span class='ocr_line' id='line_1_15' title="bbox 205 1862 1507 1938; baseline 0 -14"><span class='ocrx_word' id='word_1_89' title='bbox 205 1886 241 1924; x_wconf 89' lang='lat' dir='ltr'><strong>ci</strong></span> <span class='ocrx_word' id='word_1_90' title='bbox 281 1886 399 1924; x_wconf 81' lang='lat' dir='ltr'><strong>etiam</strong></span> <span class='ocrx_word' id='word_1_91' title='bbox 440 1886 554 1937; x_wconf 82' lang='lat' dir='ltr'><strong>(Cap.</strong></span> <span class='ocrx_word' id='word_1_92' title='bbox 598 1886 659 1924; x_wconf 84' lang='lat' dir='ltr'><strong>IV</strong></span> <span class='ocrx_word' id='word_1_93' title='bbox 702 1899 747 1936; x_wconf 85' lang='lat' dir='ltr'><strong>a,</strong></span> <span class='ocrx_word' id='word_1_94' title='bbox 790 1885 850 1924; x_wconf 90' lang='lat' dir='ltr'><strong>ed.</strong></span> <span class='ocrx_word' id='word_1_95' title='bbox 870 1862 1051 1936; x_wconf 50' lang='lat' dir='ltr'><strong>&#39;Dind.),</strong></span> <span class='ocrx_word' id='word_1_96' title='bbox 1082 1886 1185 1937; x_wconf 91' lang='lat' dir='ltr'><strong>quod</strong></span> <span class='ocrx_word' id='word_1_97' title='bbox 1213 1886 1507 1938; x_wconf 86' lang='lat' dir='ltr'><strong>Theopompum</strong></span> 
     </span>
     <span class='ocr_line' id='line_1_16' title="bbox 205 1975 1507 2028; baseline 0 -14"><span class='ocrx_word' id='word_1_98' title='bbox 205 1976 415 2014; x_wconf 86' lang='lat' dir='ltr'><strong>correxerit</strong></span> <span class='ocrx_word' id='word_1_99' title='bbox 430 2006 440 2025; x_wconf 86' lang='lat'>,</span> <span class='ocrx_word' id='word_1_100' title='bbox 467 1976 534 2027; x_wconf 92' lang='lat' dir='ltr'><strong>qui</strong></span> <span class='ocrx_word' id='word_1_101' title='bbox 561 1975 793 2028; x_wconf 87' lang='lat' dir='ltr'><strong>Dionysium</strong></span> <span class='ocrx_word' id='word_1_102' title='bbox 820 1976 911 2014; x_wconf 86' lang='lat' dir='ltr'><strong>navi</strong></span> <span class='ocrx_word' id='word_1_103' title='bbox 938 1976 1114 2014; x_wconf 83' lang='lat' dir='ltr'><strong>oneraria</strong></span> <span class='ocrx_word' id='word_1_104' title='bbox 1144 1975 1375 2015; x_wconf 87' lang='lat' dir='ltr'><strong>Corinthum</strong></span> <span class='ocrx_word' id='word_1_105' title='bbox 1399 1976 1507 2014; x_wconf 80' lang='lat' dir='ltr'><strong>navi-</strong></span> 
     </span>
     <span class='ocr_line' id='line_1_17' title="bbox 205 2067 1507 2118; baseline 0.001 -14"><span class='ocrx_word' id='word_1_106' title='bbox 205 2079 317 2117; x_wconf 82' lang='lat' dir='ltr'><strong>gasse</strong></span> <span class='ocrx_word' id='word_1_107' title='bbox 348 2067 583 2116; x_wconf 88' lang='lat' dir='ltr'><strong>rettulisset,</strong></span> <span class='ocrx_word' id='word_1_108' title='bbox 614 2079 702 2104; x_wconf 92' lang='lat' dir='ltr'><strong>cum</strong></span> <span class='ocrx_word' id='word_1_109' title='bbox 729 2079 771 2105; x_wconf 87' lang='lat' dir='ltr'><strong>re</strong></span> <span class='ocrx_word' id='word_1_110' title='bbox 800 2079 893 2105; x_wconf 86' lang='lat' dir='ltr'><strong>vera</strong></span> <span class='ocrx_word' id='word_1_111' title='bbox 920 2067 1055 2105; x_wconf 84' lang='lat' dir='ltr'><strong>fuisset</strong></span> <span class='ocrx_word' id='word_1_112' title='bbox 1084 2067 1194 2105; x_wconf 86' lang='lat' dir='ltr'><strong>navis</strong></span> <span class='ocrx_word' id='word_1_113' title='bbox 1221 2068 1348 2118; x_wconf 89' lang='lat' dir='ltr'><strong>longa.</strong></span> <span class='ocrx_word' id='word_1_114' title='bbox 1380 2067 1507 2105; x_wconf 88' lang='lat' dir='ltr'><strong>Theo-</strong></span> 
     </span>
     <span class='ocr_line' id='line_1_18' title="bbox 206 2147 1507 2216; baseline -0.002 -20"><span class='ocrx_word' id='word_1_115' title='bbox 206 2169 390 2216; x_wconf 83' lang='lat' dir='ltr'><strong>pompum</strong></span> <span class='ocrx_word' id='word_1_116' title='bbox 429 2157 604 2208; x_wconf 81' lang='lat' dir='ltr'><strong>sequitur</strong></span> <span class='ocrx_word' id='word_1_117' title='bbox 623 2177 626 2180; x_wconf 97' lang='lat'>·</span> <span class='ocrx_word' id='word_1_118' title='bbox 646 2147 775 2197; x_wconf 39' lang='lat' dir='ltr'><strong>Diods</strong></span> <span class='ocrx_word' id='word_1_119' title='bbox 804 2157 899 2209; x_wconf 80' lang='lat' dir='ltr'><strong>Cap.</strong></span> <span class='ocrx_word' id='word_1_120' title='bbox 934 2159 995 2208; x_wconf 81' lang='lat'><strong>70,</strong></span> <span class='ocrx_word' id='word_1_121' title='bbox 1026 2159 1069 2196; x_wconf 89' lang='lat'><strong>3:</strong></span> <span class='ocrx_word' id='word_1_122' title='bbox 1100 2157 1115 2195; x_wconf 83' lang='grc' dir='ltr'>ὁ</span> <span class='ocrx_word' id='word_1_123' title='bbox 1142 2158 1215 2205; x_wconf 76' lang='grc' dir='ltr'><strong>γὰρ</strong></span> <span class='ocrx_word' id='word_1_124' title='bbox 1244 2155 1341 2204; x_wconf 75' lang='grc' dir='ltr'><em>ἔχων</em></span> <span class='ocrx_word' id='word_1_125' title='bbox 1372 2170 1507 2203; x_wconf 80' lang='grc' dir='ltr'><em>τετρα-</em></span> 
     </span>
     <span class='ocr_line' id='line_1_19' title="bbox 205 2244 1507 2304; baseline 0.002 -21"><span class='ocrx_word' id='word_1_126' title='bbox 205 2244 333 2290; x_wconf 78' lang='grc' dir='ltr'><em>κοσίας</em></span> <span class='ocrx_word' id='word_1_127' title='bbox 386 2246 538 2294; x_wconf 71' lang='grc' dir='ltr'><strong>τριήρεις</strong></span> <span class='ocrx_word' id='word_1_128' title='bbox 579 2248 666 2293; x_wconf 81' lang='grc' dir='ltr'><strong>μετ’</strong></span> <span class='ocrx_word' id='word_1_129' title='bbox 707 2247 834 2294; x_wconf 72' lang='grc' dir='ltr'><em>ὀλίγον</em></span> <span class='ocrx_word' id='word_1_130' title='bbox 877 2250 913 2285; x_wconf 74' lang='grc' dir='ltr'><strong>ἐν</strong></span> <span class='ocrx_word' id='word_1_131' title='bbox 956 2253 1075 2304; x_wconf 80' lang='grc' dir='ltr'><strong><em>μικρῷ</em></strong></span> <span class='ocrx_word' id='word_1_132' title='bbox 1118 2246 1340 2296; x_wconf 69' lang='grc' dir='ltr'><em>στρογγύλῳ</em></span> <span class='ocrx_word' id='word_1_133' title='bbox 1385 2246 1507 2297; x_wconf 80' lang='grc' dir='ltr'><em>πλοίῳ</em></span> 
     </span>
     <span class='ocr_line' id='line_1_20' title="bbox 205 2335 1507 2388; baseline -0.001 -14"><span class='ocrx_word' id='word_1_134' title='bbox 205 2335 463 2375; x_wconf 72' lang='grc' dir='ltr'><em>κατέπλευσεν</em></span> <span class='ocrx_word' id='word_1_135' title='bbox 506 2338 560 2381; x_wconf 62' lang='grc' dir='ltr'><strong>εἷς</strong></span> <span class='ocrx_word' id='word_1_136' title='bbox 598 2337 665 2381; x_wconf 70' lang='grc' dir='ltr'><strong>τὴν</strong></span> <span class='ocrx_word' id='word_1_137' title='bbox 707 2337 898 2388; x_wconf 66' lang='grc' dir='ltr'><em>Κόρινθον,</em></span> <span class='ocrx_word' id='word_1_138' title='bbox 923 2337 1176 2385; x_wconf 80' lang='grc' dir='ltr'><em>περίβλεπτον</em></span> <span class='ocrx_word' id='word_1_139' title='bbox 1217 2337 1314 2385; x_wconf 80' lang='grc' dir='ltr'><em>ἔχων</em></span> <span class='ocrx_word' id='word_1_140' title='bbox 1338 2340 1406 2385; x_wconf 83' lang='grc' dir='ltr'><strong>τὴν</strong></span> <span class='ocrx_word' id='word_1_141' title='bbox 1439 2340 1507 2381; x_wconf 64' lang='grc' dir='ltr'><strong>τῆς</strong></span> 
     </span>
     <span class='ocr_line' id='line_1_21' title="bbox 204 2425 1507 2480; baseline 0.002 -15"><span class='ocrx_word' id='word_1_142' title='bbox 204 2425 427 2476; x_wconf 70' lang='grc' dir='ltr'><em>μεταβολῆς</em></span> <span class='ocrx_word' id='word_1_143' title='bbox 457 2426 680 2475; x_wconf 72' lang='grc' dir='ltr'><em>ὑπερβολήν.</em></span> <span class='ocrx_word' id='word_1_144' title='bbox 709 2428 789 2467; x_wconf 92' lang='lat' dir='ltr'><strong>Res</strong></span> <span class='ocrx_word' id='word_1_145' title='bbox 818 2428 922 2467; x_wconf 76' lang='lat' dir='ltr'><strong>haud</strong></span> <span class='ocrx_word' id='word_1_146' title='bbox 951 2430 1007 2467; x_wconf 88' lang='lat' dir='ltr'><strong>ita</strong></span> <span class='ocrx_word' id='word_1_147' title='bbox 1034 2429 1166 2480; x_wconf 88' lang='lat' dir='ltr'><strong>magni</strong></span> <span class='ocrx_word' id='word_1_148' title='bbox 1194 2429 1405 2477; x_wconf 85' lang='lat' dir='ltr'><strong>momenti,</strong></span> <span class='ocrx_word' id='word_1_149' title='bbox 1433 2429 1507 2467; x_wconf 86' lang='lat' dir='ltr'><strong>nisi</strong></span> 
     </span>
    </p>
   </div>
   <div class='ocr_carea' id='block_1_8' title="bbox 205 2517 1508 2571">
    <p class='ocr_par' dir='ltr' id='par_1_8' title="bbox 205 2517 1508 2571">
     <span class='ocr_line' id='line_1_22' title="bbox 205 2517 1508 2571; baseline 0.002 -16"><span class='ocrx_word' id='word_1_150' title='bbox 205 2517 291 2568; x_wconf 90' lang='lat' dir='ltr'><strong>quis</strong></span> <span class='ocrx_word' id='word_1_151' title='bbox 331 2518 411 2556; x_wconf 88' lang='lat' dir='ltr'><strong>veri</strong></span> <span class='ocrx_word' id='word_1_152' title='bbox 458 2518 582 2556; x_wconf 84' lang='lat' dir='ltr'><strong>simile</strong></span> <span class='ocrx_word' id='word_1_153' title='bbox 611 2521 722 2570; x_wconf 83' lang='lat' dir='ltr'><strong>putat</strong></span> <span class='ocrx_word' id='word_1_154' title='bbox 753 2518 1055 2569; x_wconf 76' lang='lat' dir='ltr'><strong>Timoleontem,</strong></span> <span class='ocrx_word' id='word_1_155' title='bbox 1086 2532 1161 2571; x_wconf 92' lang='lat' dir='ltr'><strong>quo</strong></span> <span class='ocrx_word' id='word_1_156' title='bbox 1190 2519 1333 2558; x_wconf 83' lang='lat' dir='ltr'><strong>maiore</strong></span> <span class='ocrx_word' id='word_1_157' title='bbox 1363 2519 1508 2559; x_wconf 85' lang='lat' dir='ltr'><strong>honore</strong></span> 
     </span>
    </p>
   </div>
  </div>
 </body>
</html>
