1785 2956
854 285 905 323 23

226 428 366 479 Itaque
411 425 549 464 ultima
588 425 704 474 haec,
745 436 845 475 quae
886 423 1046 475 exponit
1087 424 1272 474 scriptor,
1304 424 1407 462 facta
1436 426 1526 460 sunt

227 518 330 558 cirea
357 516 564 556 solstitium
590 515 781 554 aestivum
807 514 900 554 anni
927 515 1017 553 344.
1047 514 1233 566 Sequenti
1254 518 1385 554 autem
1398 515 1526 567 capite

229 607 427 646 Timoleon
456 608 616 658 repente
645 604 810 643 duarum
837 602 946 642 urbis
973 603 1165 656 partium,
1194 602 1352 657 Tychae
1377 607 1416 644 et
1433 604 1526 657 Epi-

229 699 405 750 polarum
418 726 429 747 ,
472 696 649 735 dominus
676 697 849 733 vocatur.
878 693 994 733 Diod.
1021 693 1118 745 Cap.
1149 696 1222 744 69,
1252 696 1296 733 3:
1326 694 1526 734 Timoleon

164 801 168 805 ·
228 786 457 828 Hadranitis
499 788 538 825 et
579 783 803 838 Tyndaritis
844 783 885 823 in
925 783 1149 823 societatem
1189 783 1355 836 receptis
1383 783 1528 823 milites

228 878 333 917 haud
359 890 502 930 paucos
527 875 577 915 ab
604 876 652 914 iis
676 875 846 927 accepit3
873 874 911 912 ἐν
939 873 977 913 δὲ
1005 877 1093 919 ταῖς
1120 872 1376 922 Συρακούσαις
1400 873 1524 918 πολλὴ

225 969 379 1016 ταραχὴ
407 969 567 1014 κατεῖχε
594 968 663 1014 τὴν
691 967 823 1009 πόλιν,
849 964 1038 1003 Διονυσίου
1053 964 1122 1011 μὲν
1136 964 1202 1008 τὴν
1218 967 1342 1012 Νῆσον
1359 962 1524 1014 ἔχοντος,

225 1056 349 1096 Ἱκέτα
389 1055 426 1094 δὲ
467 1058 534 1099 τῆς
574 1053 799 1103 Ἀχραδινῆς
842 1054 908 1092 καὶ
953 1052 1057 1096 Νέας
1100 1052 1243 1098 πόλεως
1272 1055 1523 1100 κυριεύοντος,

225 1144 472 1192 Τιμολέοντος
498 1143 536 1182 δὲ
564 1142 615 1181 τοὶ
643 1142 759 1181 λοιποὶ
786 1146 854 1191 τῆς
881 1140 1025 1188 πόλεως
1053 1145 1343 1193 παρειληφότος.
1373 1144 1425 1183 Et
1441 1146 1462 1195 ξ
1478 1146 1526 1196 6,

226 1234 378 1275 foedere
406 1247 507 1289 ‚cum
548 1233 763 1284 Mamerco,
796 1232 969 1272 Catenae
996 1236 1164 1286 tyranno
1192 1233 1258 1285 (cf.
1288 1233 1395 1273 Plut.
1426 1233 1523 1287 Cap.

226 1326 365 1376 XIII),
393 1324 650 1363 subsidiorum
679 1323 968 1362 Corinthiorum
995 1322 1167 1362 adventu
1195 1324 1260 1374 (cf.
1289 1324 1396 1363 Plut.
1428 1324 1523 1377 cap.

226 1414 347 1464 XIX)
375 1417 414 1452 et
442 1413 547 1464 turpi
573 1413 667 1464 fuga
693 1413 887 1451 exercitus
915 1412 1055 1452 Punici
1083 1414 1149 1463 (cf.
1179 1413 1285 1453 Plut.
1312 1403 1408 1466 Cep.
1425 1414 1524 1466 XX)

225 1503 551 1543 commemoratis:
580 1500 809 1549 μονωθέντος
837 1501 874 1541 δὲ
900 1506 966 1542 τοῦ
994 1502 1141 1554 Ἱκέτα,
1165 1502 1360 1551 Τιμολέων
1375 1517 1524 1553 περιγε-

225 1594 372 1639 νόμενος
413 1595 487 1630 τῶν
528 1591 716 1638 πολεμίων
746 1590 927 1639 ἐκράτησε
955 1594 1027 1631 τῶν
1057 1596 1318 1642 Συρακουσῶν,
1343 1594 1368 1633 i.
1397 1608 1431 1634 e.
1461 1608 1526 1634 eas

224 1686 354 1736 partes
395 1682 502 1721 urbis
543 1682 667 1734 cepit,
707 1694 807 1734 quae
847 1681 1075 1722 Achradina
1115 1686 1155 1722 et
1181 1682 1366 1736 Neapolis
1394 1684 1526 1736 appel-

224 1774 366 1811 lantur.
395 1773 504 1811 Inter
531 1772 627 1812 haec
654 1772 802 1822 omnia,
830 1772 862 1810 si
891 1772 1060 1811 Diodoro
1084 1772 1296 1823 credimus,
1312 1773 1524 1826 Dionysius

224 1875 353 1902 arcem
394 1875 483 1901 cum
522 1862 657 1901 Insula
697 1862 886 1912 obtinuit3
928 1863 995 1914 qui
1034 1863 1211 1915 sequenti
1240 1863 1396 1905 demum
1423 1878 1525 1906 anno

224 1951 305 2002 (01.
347 1950 464 2001 CIX,
506 1952 550 2000 2,
592 1963 627 1990 a.
670 1950 714 1989 G.
757 1952 852 2002 343)
895 1950 1184 1992 Corinthiorum
1213 1953 1315 1993 felici
1346 1967 1526 1995 successu

223 2043 452 2093 perterritus
479 2046 518 2081 et
545 2043 718 2080 animum
744 2041 984 2093 despondens
998 2042 1232 2082 deditionem
1246 2045 1382 2084 fecisse
1396 2046 1524 2097 perhi-

222 2130 348 2172 betur.
378 2131 492 2170 Diod.
522 2131 565 2170 O.
597 2132 647 2170 70
674 2130 781 2170 init.:
809 2130 873 2169 ἐπὶ
901 2130 938 2169 δὲ
966 2129 1105 2170 τούτων
1134 2132 1177 2183 (i.
1206 2146 1239 2172 e.
1270 2133 1315 2173 O.
1344 2133 1522 2185 Plautio,

224 2220 270 2259 Τ.
308 2220 456 2260 Manlio
495 2220 644 2260 Romae
684 2202 797 2272 coss.)
838 2220 1032 2268 Τιμολέων
1068 2222 1412 2270 καταπληξάμενος
1439 2229 1526 2263 Διο-

223 2309 340 2350 νύσιον
368 2311 430 2350 τὸν
457 2309 630 2359 τύραννον
656 2309 802 2350 ἔπεισεν
831 2311 944 2351 αὑτὸν
971 2312 1200 2361 παραδοῦναι
1225 2312 1293 2358 τὴν
1307 2313 1523 2362 ἀκρόπολιν,

222 2404 288 2440 καὶ
316 2402 382 2445 τὴν
408 2401 530 2450 ἆρχὺν
551 2400 791 2463 ,ἀποθέμενον
819 2404 1008 2443 ἀπελθεῖν
1035 2404 1088 2449 εἷς
1126 2404 1404 2449 Πελοπόννησον
1433 2404 1524 2444 ὑπό-

225 2491 376 2531 σπονδον
405 2492 544 2540 ἔχοντα
573 2491 623 2530 τοὶ
652 2491 726 2531 ἴδιοι
753 2492 956 2541 χρήματα.
